2890 4570
609 219 750 273 ..29..

118 389 121 393 -
172 361 275 405 VIncltori
288 374 300 403 e
313 361 368 402 vluti
381 361 434 412 dopo
447 361 468 402 la
482 359 599 413 bethgla,
613 360 634 401 la
648 359 709 402 dotto
723 371 808 402 romanu
821 359 897 412 naviga
910 358 995 402 intorno
1009 359 1051 400 nlla
1065 358 1187 410 BritannIa3

438 431 448 473 1
461 430 550 473 Romani
563 429 620 484 nogli
630 429 793 482 nocemprmsnti
807 429 919 496 iursrnrli.

204 518 384 584 XXXVIII.
401 519 441 582 lit
462 538 520 584 nox
542 517 669 601 quidem
691 516 805 603 gaudio
820 516 995 600 praedaque
1017 516 1100 582 laeta
1120 517 1240 583 victori-

113 620 189 685 bus:
203 617 347 683 Britanni
355 617 496 701 palantes
504 617 660 698 mixtoque
668 616 803 681 virorum
813 614 1043 699 mulierumque
1051 614 1174 699 ploratu
1181 615 1241 680 tra·

110 719 187 783 here
221 717 418 794 vulneratos,
451 733 558 780 vocare
589 715 748 799 integros,
782 713 919 779 deserere
962 713 1068 779 domos
1113 732 1149 779 ac
1187 734 1241 799 per

110 816 194 880 iram
223 813 308 880 ultro
335 812 505 892 incendere,
538 812 654 897 eligere
679 811 815 876 latebras
847 812 879 875 et
908 811 1015 876 statim
1048 811 1240 894 relinquere;

110 913 247 979 miscere
276 914 308 975 in
330 911 430 976 ricem
451 909 581 975 consilia
610 907 761 994 [aliqua],
790 908 862 974 dein
884 927 1042 992 separarer
1073 909 1275 992 aliquand05

109 1012 217 1097 frangi
256 1009 382 1092 aspectu
417 1008 582 1093 pignorum
618 1024 755 1084 suorum,
792 1006 915 1088 saepius
951 1007 1109 1072 concitari.
1154 1008 1240 1074 satis·

110 1127 174 1194 que
197 1106 360 1174 constabat
388 1104 519 1170 saevisse
547 1103 695 1187 quosdam
722 1104 755 1168 in
778 1103 925 1188 coniuges
955 1122 991 1168 ac
1013 1104 1136 1183 liberos,
1159 1106 1240 1170 tam-

112 1225 211 1290 quam
244 1202 472 1270 misererentur.
516 1201 675 1285 proximus
709 1201 775 1267 diss
808 1201 919 1266 faciem
956 1201 1102 1266 vlotoriae
1142 1200 1239 1267 latius

114 1303 253 1388 aperuIt:
291 1302 414 1366 vastum
448 1299 564 1383 ubique
597 1298 769 1378 silentium,
802 1299 915 1364 deserti
948 1297 1051 1378 colles,
1084 1298 1239 1364 fumantia

114 1402 222 1486 procul
250 1402 340 1476 tecta
367 1417 457 1466 nemo
486 1397 729 1482 exploratoribus
757 1397 875 1463 obvius.
920 1398 1034 1480 quibus
1060 1399 1092 1463 in
1116 1417 1238 1464 omnem
1258 1400 1291 1454 10

110 1502 234 1584 partem
267 1498 415 1576 dimissis,
449 1497 503 1563 ubi
536 1497 654 1562 incerta
685 1495 775 1580 fugae
810 1495 942 1579 vestigIa
975 1515 1074 1579 noque
1105 1515 1237 1579 usquam

109 1596 290 1683 conglobari
323 1597 426 1661 hostes
459 1595 650 1678 compertum
685 1593 731 1677 (et
759 1594 865 1658 exacta
892 1593 957 1657 iam
986 1595 1102 1659 aestate
1132 1595 1237 1678 spargi

110 1696 230 1762 bellum
255 1694 427 1776 nequibat),
449 1692 483 1757 in
506 1692 581 1757 fines
602 1692 801 1758 Borestorum
830 1691 999 1757 exercitum
1022 1691 1156 1757 deducit.
1191 1692 1237 1757 ibi

113 1792 247 1876 acceptis
281 1789 448 1866 obsidibus,
482 1790 635 1873 praefecto
668 1789 776 1854 classis
812 1788 1002 1854 circumvehi
1039 1788 1236 1855 Britanniam

110 1888 274 1974 praecipit.
320 1888 410 1954 datae
447 1887 486 1953 ad
518 1887 551 1952 id
583 1887 673 1966 vires,
710 1889 742 1952 et
774 1889 982 1970 praecesserat
1020 1889 1125 1953 terror.
1171 1887 1237 1971 ipse
1257 1891 1290 1945 15

108 1987 249 2071 peditem
283 1986 376 2068 atque
409 1985 529 2069 equites
561 1985 645 2050 lento
674 1985 796 2063 itinere,
826 2004 887 2068 quo
916 2004 1064 2051 novarum
1094 1986 1236 2070 gentium

108 2085 208 2150 animi
232 2085 301 2167 ipsa
323 2083 472 2150 transitus
496 2084 579 2149 mota
601 2085 799 2161 terrerentur,
821 2083 854 2147 in
877 2083 1016 2148 hibernis
1037 2083 1163 2148 locarit.
1206 2087 1238 2150 st

108 2183 207 2249 simul
230 2181 338 2246 classis
364 2180 496 2246 secunda
526 2181 709 2264 tempestate
737 2199 772 2245 ac
798 2181 881 2246 fama
904 2182 1145 2247 Trucculensem
1167 2201 1237 2266 por·

107 2284 177 2346 tum
202 2280 316 2358 tenuit,
339 2278 419 2344 unde
440 2279 577 2363 proximo
599 2297 692 2357 anno,
720 2277 901 2345 Britanniae
925 2280 1015 2344 litore
1039 2280 1118 2346 lecto
1141 2282 1235 2360 omni,

107 2378 252 2445 reditura
274 2378 348 2442 erat.
1253 2398 1289 2450 20

338 2511 459 2554 Dominlruo
473 2511 490 2552 rl
505 2512 601 2554 rattrirtc
614 2523 651 2564 par
664 2512 685 2553 la
699 2512 756 2554 fellei
771 2513 859 2564 Imprese
873 2513 894 2554 dl
908 2512 1012 2565 Agricola.

187 2600 336 2666 XXXIX.
348 2601 441 2665 Hunc
452 2619 556 2666 rerum
568 2619 703 2680 cursum,
713 2619 903 2683 quamquam
916 2600 1005 2665 nulla
1017 2602 1180 2666 verborum
1192 2602 1236 2668 la·

107 2701 228 2767 etantia
251 2698 395 2782 epistulis
426 2698 589 2784 Agricolae
613 2701 751 2777 auctum,
781 2700 819 2762 ut
841 2698 1019 2764 Domitiano
1042 2700 1136 2766 moris
1158 2703 1234 2780 erat,

106 2801 208 2866 fronte
236 2797 349 2876 laetus,
381 2797 502 2880 pectore
531 2799 638 2861 anxius
667 2795 795 2880 excepit.
840 2797 941 2862 inerat
968 2798 1157 2863 conscientia
1184 2799 1234 2863 de·

106 2898 186 2963 risui
210 2894 306 2960 fuisse
329 2913 427 2978 nuper
449 2894 563 2959 falsum
586 2913 603 2959 e
626 2891 794 2959 GermanIa
817 2895 1023 2980 triumphum,
1046 2896 1160 2980 emptis
1181 2915 1235 2980 per

105 2993 305 3071 commercia,
328 3011 460 3075 quorum
489 2992 615 3057 habitus
645 2994 676 3057 el
701 2992 801 3058 crines
823 2994 855 3057 in
877 2993 1069 3076 captivorum
1101 2994 1270 3076 speclem5

106 3094 334 3161 formarentur:
364 3094 399 3157 at
419 3095 500 3157 nunc
530 3109 632 3156 rerem
655 3109 862 3176 magnamque
889 3090 1050 3156 victoriam
1079 3093 1124 3155 tot
1153 3092 1235 3157 mili·

106 3193 164 3259 bus
188 3191 329 3256 bostrum
359 3189 455 3254 caesis
483 3188 604 3274 ingenti
633 3189 716 3253 fama
748 3187 906 3254 celebrari.
951 3187 983 3253 id
1009 3187 1070 3253 sibi
1100 3188 1234 3253 maxime

106 3288 354 3366 formidolosum,
383 3287 498 3370 privati
521 3287 655 3353 homiuis
681 3306 791 3352 nomen
821 3306 914 3371 supra
936 3286 1086 3370 principis
1113 3285 1233 3353 attolli:

106 3389 226 3455 frustra
248 3384 354 3450 studia
375 3385 433 3451 lori
456 3387 487 3450 et
509 3384 651 3452 civilium
674 3385 791 3450 artium
813 3385 906 3450 decus
928 3385 960 3449 in
976 3386 1139 3452 silentium
1154 3389 1234 3468 acta,

107 3487 134 3553 si
156 3484 330 3551 militarem
359 3483 491 3568 gloriam
521 3483 603 3548 alius
629 3486 806 3565 occuparet;
835 3482 937 3548 cetera
964 3485 1135 3567 utcumque
1162 3484 1234 3551 laci·
1253 3498 1286 3551 10

107 3586 171 3651 lius
208 3579 412 3660 dissimulari,
456 3580 544 3645 ducis
581 3580 653 3646 boni
696 3580 928 3664 imperatoriam
973 3582 1121 3647 virtutem
1158 3601 1233 3648 esse.

107 3683 228 3748 talibus
264 3679 348 3744 curis
390 3678 556 3756 exercitus,
593 3676 734 3760 quodque
771 3696 878 3742 saevae
923 3679 1120 3764 cogitationIs
1156 3680 1234 3746 indi-

108 3782 193 3846 cium
222 3779 315 3860 erat,
359 3777 474 3842 secreto
517 3794 572 3840 suo
615 3776 758 3852 satiatus,
802 3776 955 3859 optimum
993 3777 1024 3840 in
1060 3779 1234 3860 praesentia

108 3878 222 3942 statuit
243 3891 387 3956 reponere
417 3871 533 3952 odium,
560 3873 654 3937 donec
680 3871 816 3955 impetus
846 3872 946 3939 lamae
980 3876 1011 3938 et
1040 3875 1126 3940 favor
1154 3895 1233 3942 erer-

6 3991 7 4008 ¹
108 3975 189 4040 citus
211 3971 440 4056 languesceret:
474 3989 545 4036 nam
575 3969 669 4035 etiam
698 3971 768 4035 tum
789 3969 936 4054 Agricola
964 3971 1160 4037 Britanniam
1184 3973 1285 4043 ob-15

108 4072 240 4138 tinebat.
