2890 4570
702 219 844 276 ..ιρ-

211 382 283 442 nam
305 361 408 428 filium
430 364 502 428 ante
523 361 683 429 sublatum
715 361 801 428 brevi
833 361 948 428 amisit.
993 379 1062 427 mor
1083 361 1165 428 inter
1186 363 1337 445 quaestu·

210 479 277 526 ram
299 478 336 526 ac
357 460 552 526 tribunatum
574 459 674 544 plebis
705 460 799 542 atque
831 459 934 543 ipsum
957 459 1052 525 etiam
1075 459 1253 526 tribunatus
1274 479 1335 524 an-

210 577 286 624 num
309 558 413 642 quiete
445 561 477 624 et
509 557 571 624 otio
603 557 737 638 transiit,
760 576 874 643 gnarus
907 558 965 622 sub
998 557 1118 622 Nerone
1144 560 1333 641 temporum,

160 660 194 715 15
211 656 325 740 quibus
356 656 469 722 inertia
500 674 555 740 pro
583 655 735 740 sapientia
761 655 833 721 tuit.
887 653 970 722 idem
999 657 1162 739 praeturae
1189 657 1275 722 tenor
1296 659 1335 722 et

210 754 388 831 silentium
422 772 477 820 nac
509 753 592 819 enim
625 752 799 820 iurisdictio
831 753 1006 820 obvenerat.
1059 753 1148 820 ludos
1170 755 1202 820 et
1222 739 1351 820 inania‘

209 851 332 918 honoris
354 850 455 920 medio
477 851 605 918 rationis
636 852 729 936 atque
762 850 970 918 abundantiae
1002 850 1101 930 duxit,
1127 851 1176 916 uti
1197 853 1287 938 longe
1310 871 1333 917 a

142 1023 144 1030 Α
209 949 343 1029 luxuria,
379 949 425 1014 ita
461 949 561 1016 famae
593 949 730 1034 propior.
768 951 837 1016 tum
870 949 988 1016 electus
1009 968 1027 1014 a
1050 947 1151 1016 Galba
1182 949 1220 1015 ad
1250 949 1334 1016 dona

209 1048 396 1132 templorum
429 1047 669 1134 recognoscenda
700 1047 941 1134 diligentissima
971 1045 1194 1130 conquisitione
1216 1047 1332 1128 effecit,

158 1151 193 1204 20
210 1166 247 1212 na
269 1145 359 1213 cuius
380 1146 510 1212 alterius
530 1145 731 1232 sacrilegium
764 1165 813 1211 res
840 1145 966 1230 publica
989 1164 1082 1228 quam
1105 1144 1236 1212 Neronis
1258 1165 1329 1212 sen·
1440 1163 1441 1184 ¹

225 1264 236 1308 l
301 1294 309 1309 .

210 1264 224 1310 s
238 1248 300 1310 sset
494 1339 562 1384 lorte
575 1339 630 1382 della
643 1339 714 1382 madre
727 1339 748 1382 dl
762 1339 860 1394 Agricola
873 1352 886 1381 a
898 1339 1044 1393 Ventlrnlgliaq
1280 1400 1285 1404 ι

391 1409 487 1454 lluclano
499 1411 520 1454 lo
533 1410 617 1454 nomina
630 1410 767 1456 comandaute
780 1409 835 1454 della
848 1411 884 1453 ab·
897 1411 979 1464 legione
992 1411 1015 1452 in
1029 1410 1146 1454 Britannia.

295 1499 366 1564 VII.
383 1497 520 1582 Sequens
534 1518 632 1566 annua
646 1499 734 1585 gravi
757 1498 883 1566 uulnere
905 1498 1045 1564 animum
1060 1499 1246 1582 domumque
1261 1499 1331 1565 eius
1440 1531 1441 1574 ι

210 1595 339 1662 adflixit.
384 1617 455 1662 nam
489 1597 596 1664 classis
629 1596 804 1664 Othoniana
832 1597 963 1664 licenter
994 1615 1073 1681 vaga
1105 1596 1181 1662 dum
1207 1596 1330 1662 Intimi·
1440 1661 1441 1692 ,

210 1695 289 1761 lium
312 1695 473 1781 (Liguriae
495 1715 566 1780 pare
588 1696 648 1780 ast)
670 1696 826 1763 hostiliter
850 1695 1026 1780 populatur,
1049 1696 1180 1762 matram
1204 1694 1330 1780 Agrico

209 1794 259 1859 lae
287 1793 317 1858 in
352 1793 487 1877 praediis
520 1794 585 1860 suis
618 1793 783 1870 interfecit,
806 1793 993 1877 praediaque
1020 1792 1087 1876 ipsa
1117 1795 1148 1858 et
1181 1812 1327 1877 magnam
1440 1881 1441 1890 ἦ

176 1891 389 1975 5patrimonii
411 1893 531 1975 partem
554 1891 696 1974 diripuit,
719 1909 797 1974 quae
830 1909 923 1956 causa
951 1889 1054 1956 caedis
1075 1890 1186 1956 fuerat.
1230 1890 1330 1975 igitur

210 1989 249 2054 ad
282 1987 444 2054 sollemnia
476 1988 603 2073 piatatis
635 1987 790 2072 profectus
811 1987 967 2073 Agricola,
990 1987 1099 2054 nuntio
1133 1987 1280 2054 adfectati
1310 2008 1328 2053 a

210 2085 398 2169 Vespasiano
435 2085 558 2170 imperii
596 2085 802 2170 deprehensus
838 2105 874 2152 ac
910 2086 1017 2152 statim
1050 2085 1083 2150 in
1108 2086 1210 2169 partas
1232 2087 1329 2152 trans·
1440 2127 1441 2180 3

210 2202 333 2270 gressus
353 2186 409 2250 est.
454 2183 547 2248 initia
567 2184 761 2268 principatus
782 2203 818 2250 ao
840 2185 957 2250 statum
987 2184 1074 2249 urbis
1097 2183 1261 2249 Mucianus
1284 2203 1328 2249 ro-

210 2282 312 2368 gabat,
349 2281 458 2347 iuvene
495 2281 661 2347 admodum
698 2281 877 2349 Domitiano
912 2283 944 2347 et
980 2300 1015 2347 cr
1044 2283 1172 2364 paterna
1205 2280 1328 2347 fortuna
1440 2303 1441 2314 ¹

160 2389 193 2443 10
209 2382 333 2447 tantum
354 2379 515 2447 licentiam
536 2382 714 2463 usurpante.
768 2379 795 2446 is
827 2379 957 2445 missum
980 2379 1018 2444 ad
1041 2379 1174 2444 dilectus
1195 2377 1328 2465 agendos
1440 2375 1441 2400 ¹

209 2477 388 2565 Agricolam
426 2477 607 2564 integreque
639 2497 674 2544 ao
710 2479 833 2545 atrorum
872 2479 1028 2544 versatum
1066 2476 1250 2543 vicensimae
1287 2476 1328 2542 le·
1440 2473 1441 2524 ἲ

208 2576 294 2663 gioni
316 2575 403 2642 tarde
435 2575 475 2641 ad
508 2578 735 2642 sacramentum
757 2577 964 2662 transgressae
989 2575 1176 2660 praeposuit,
1198 2575 1254 2642 ubi
1275 2574 1328 2641 de·
1440 2625 1441 2634 ,

81 2730 98 2752 ,
209 2691 308 2741 caesor
343 2673 486 2740 seditiose
523 2692 613 2760 agere
656 2676 861 2741 narrabatur:
901 2675 1015 2759 quippe
1051 2673 1163 2758 legatis
1207 2691 1328 2757 quoque

209 2770 423 2839 consularibus
455 2771 552 2836 nimia
571 2791 619 2838 ⁴ao
642 2771 838 2840 formidolosa
870 2774 947 2852 erat,
980 2789 1035 2837 nac
1064 2771 1187 2856 legatus
1208 2773 1329 2855 praeto·
1440 2803 1441 2842 2

160 2881 192 2936 15
209 2871 275 2936 rius
297 2869 335 2933 ad
358 2869 563 2935 cohibendum
586 2871 702 2954 potens,
724 2871 878 2937 incertum
891 2889 945 2936 suo
967 2888 1005 2934 au
1029 2868 1168 2935 militum
1190 2868 1327 2956 ingenio.

209 2967 256 3033 ita
288 2985 442 3034 successor
474 2966 569 3033 simul
602 2966 633 3032 et
664 2967 749 3032 ultor
781 2967 899 3034 electus
931 2967 1090 3032 rarissima
1118 2966 1327 3033 moderatione
1440 3029 1441 3044 ,

210 3063 325 3130 maluit
345 3065 443 3131 videri
464 3063 616 3131 invenisse
639 3065 732 3131 bonos
754 3084 848 3150 quam
871 3064 989 3130 iecisse.

242 3215 346 3260 doudotta
359 3214 380 3258 dl
394 3214 490 3268 Agricola
503 3215 560 3258 sotto
573 3213 636 3258 Vealo
650 3215 727 3259 Bolano
741 3227 753 3257 s
766 3214 842 3258 Petlllo
855 3215 943 3266 dedalo,
958 3215 1089 3268 govematorl
1105 3215 1160 3258 della
1173 3214 1292 3258 adunus.
1440 3255 1441 3262 ,

294 3302 383 3367 Vlll.
406 3303 552 3370 Praeerat
572 3305 648 3370 tuno
670 3303 987 3370 BritanniaeVsttius
1010 3303 1155 3382 Bolanus,
1174 3303 1330 3388 placidius
1440 3353 1441 3372 r

211 3419 304 3485 quam
337 3399 429 3466 laroci
461 3401 619 3485 provincia
643 3401 774 3487 dignum
796 3403 851 3468 est.
888 3401 1073 3485 temperarit
1094 3400 1240 3486 Agricola
1264 3403 1328 3467 vim
1440 3381 1441 3440 ἶ

211 3517 298 3564 suam
335 3496 535 3582 ardoremque
568 3498 766 3584 compescuit,
799 3519 837 3565 ne
870 3499 1061 3578 incresceret,
1094 3498 1213 3582 peritus
1245 3500 1328 3566 obsc-

211 3595 265 3680 qui
302 3593 504 3678 eruditusque
535 3596 629 3662 utilia
664 3596 801 3664 honestis
836 3597 974 3664 miscere.
1018 3596 1103 3663 breui
1126 3595 1235 3662 deinde
1258 3596 1328 3662 Bri·
1440 3599 1441 3668 i

176 3693 316 3760 5tannia
339 3693 529 3760 consularem
551 3694 703 3761 Petilium
736 3693 888 3762 Cerialem
922 3693 1049 3777 accepit.
1072 3693 1248 3760 habuerunt
1269 3694 1328 3761 vir·
1440 3685 1441 3718 ³

209 3793 294 3858 tutos
316 3790 451 3875 spatium
481 3791 701 3876 exemplorum,
723 3791 777 3859 sed
809 3793 910 3878 primo
943 3791 1074 3858 Cerialis
1095 3792 1215 3858 labores
1238 3792 1328 3858 modo
1440 3805 1441 3808 ’

205 3891 242 3956 et
277 3888 467 3970 discrimina,
501 3908 569 3955 mox
602 3890 634 3956 et
661 3890 793 3976 gloriam
827 3888 1091 3956 communicabat:
1124 3907 1212 3973 saepe
1246 3890 1327 3973 parti
1440 3977 1441 3980 Ἴ

210 3989 361 4056 exercitus
392 3988 425 4054 in
461 3989 723 4072 experimentum,
756 3987 922 4073 aliquando
954 3988 1124 4056 maioribus
1160 3986 1256 4071 copiis
1292 4006 1328 4054 ex
1440 4041 1441 4048 ,
