2890 4570
678 163 820 216 ..32-

187 324 258 371 nem
288 305 430 372 constans
462 322 568 370 rumor
601 321 715 369 veneno
747 304 972 388 interceptum:
1005 306 1093 372 nobis
1125 305 1205 371 nihil
1232 326 1316 373 oom-

185 405 277 488 perti,
300 403 463 469 adfirmare
492 407 529 466 ut
553 402 664 467 ausim.
707 404 843 468 ceterum
869 421 1068 486 peromnem
1097 404 1315 471 valetudinem

186 503 253 568 eius
282 501 420 566 crebrius
452 519 546 584 quam
573 519 608 565 en
635 519 718 566 more
746 500 950 584 principatus,
977 519 1031 585 per
1060 501 1186 568 nuntios
1212 503 1315 568 visen·

185 599 227 666 tis
261 601 292 665 et
323 598 507 664 libertorum
539 598 633 681 primi
666 601 697 663 et
729 598 919 664 medicorum
953 598 1059 664 intimi
1092 619 1210 678 venere,
1244 600 1315 666 sive

134 710 167 764 10
186 715 260 763 cura
281 695 363 763 illud
385 696 448 762 sive
469 695 633 779 inquisitio
656 698 731 762 erat
768 715 910 780 supremo
932 696 1059 779 quidem
1079 696 1129 763 die
1151 700 1315 763 momenta

184 796 253 880 ipsa
286 793 457 860 deficientis
493 813 547 877 per
584 793 746 878 dispositos
782 813 919 861 cursores
955 795 1100 861 nuntiata
1136 796 1314 875 constabat,

184 893 272 958 nullo
305 893 446 958 credente
479 893 523 958 sic
553 891 720 958 adcelerari
753 910 832 974 quae
864 892 964 958 tristis
996 892 1129 960 audiret.
1173 893 1314 977 speciem

183 993 288 1057 tamen
311 990 424 1057 doloris
445 990 557 1056 habitu
579 990 731 1072 vultuque
753 1009 825 1073 prae
848 1009 879 1055 se
902 990 988 1069 tulit,
1009 1009 1135 1057 securus
1156 991 1221 1056 iam
1244 991 1314 1058 odii

184 1092 216 1156 et
238 1089 292 1173 qui
315 1088 440 1154 facilius
455 1087 667 1152 dissimularet
689 1086 840 1171 gaudium
857 1106 951 1170 quam
965 1090 1096 1154 metum.
1141 1088 1218 1154 satis
1239 1106 1313 1156 con·

132 1200 165 1256 15
183 1189 287 1254 stabat
318 1187 399 1253 lecto
435 1187 620 1253 testamento
653 1184 827 1270 Agricolae,
862 1205 922 1269 quo
954 1187 1133 1253 coheredem
1171 1188 1313 1270 optimae

182 1286 269 1352 uxori
296 1288 328 1350 et
354 1284 513 1369 piissimae
542 1283 626 1348 filiae
653 1283 868 1350 Domitianum
899 1284 1032 1369 scripsit,
1058 1285 1211 1350 laetatum
1234 1304 1312 1351 eum

182 1383 270 1450 velut
295 1384 407 1448 honore
440 1380 626 1464 iudicioque.
671 1382 738 1446 tam
768 1399 858 1446 caeca
886 1384 917 1447 et
943 1384 1087 1466 corrupta
1120 1402 1206 1448 mens
1234 1384 1313 1449 assi·

182 1481 253 1547 duis
280 1479 513 1547 adulationibus
542 1480 619 1558 erat,
641 1483 677 1545 ut
700 1480 832 1545 nesciret
861 1482 979 1546 abono
1007 1482 1094 1563 patre
1125 1500 1184 1546 non
1211 1481 1310 1547 scribi

181 1578 325 1646 heredem
348 1579 409 1644 nisi
432 1577 551 1646 malum
574 1577 756 1662 prinoipem.

617 1729 711 1771 thratto
726 1728 748 1770 di
762 1728 872 1782 agatore,

274 1813 311 1842 sua
324 1801 409 1843 fortuna
423 1800 443 1841 di
458 1812 500 1843 non
515 1811 564 1842 aver
578 1799 654 1842 reduto
669 1799 699 1851 gli
714 1798 783 1840 ultimi
797 1799 847 1840 anni
861 1798 916 1840 della
930 1799 1036 1841 tirannide
1049 1799 1071 1840 di
1085 1799 1213 1842 murriano.

159 1973 163 1978 1
267 1886 444 1954 XXXXIV.
460 1887 561 1952 Natus
573 1887 640 1952 erat
650 1886 796 1970 Agricola
809 1885 886 1951 Gaio
898 1886 1026 1953 Caesare
1038 1887 1168 1954 tertium
1180 1887 1310 1955 consuls

180 1988 285 2054 idibus
308 1985 423 2051 Iuniis:
440 1984 569 2050 excessit
597 1986 707 2067 quarto
729 1987 760 2049 et
782 1983 1040 2069 quinquagesimo
1066 2004 1154 2065 anno,
1176 1985 1309 2052 decumo

180 2084 327 2152 kalendas
361 2081 550 2167 Septembris
584 2081 712 2168 Collega
737 2082 905 2166 Priscoque
938 2083 1124 2149 consulibus.
1169 2083 1251 2167 quod
1279 2084 1307 2150 si

179 2184 325 2251 habitum
355 2199 476 2266 quoque
506 2180 573 2246 eius
595 2180 708 2265 posteri
738 2199 860 2247 noscere
888 2180 994 2261 velint,
1024 2180 1179 2248 decentior
1209 2201 1306 2266 quam

146 2290 162 2345 5
180 2281 344 2349 sublimior
358 2280 436 2357 fuit,
459 2278 539 2343 nihil
556 2281 658 2344 metus
673 2278 705 2343 in
721 2277 829 2345 vultu:
852 2280 955 2364 gratia
969 2280 1030 2345 oris
1052 2281 1220 2364 supererat.
1255 2280 1307 2345 bo-

179 2402 255 2448 num
272 2381 374 2447 uirum
396 2377 488 2443 facile
510 2376 657 2456 crederes,
680 2395 830 2463 magnum
845 2377 988 2444 libenter.
1032 2381 1064 2443 et
1085 2377 1150 2462 ipse
1166 2376 1305 2460 quidem,

181 2498 370 2566 quamquam
393 2475 494 2542 medio
515 2475 548 2540 in
571 2474 671 2560 spatio
692 2474 831 2562 integrae
853 2475 965 2541 aetatis
994 2476 1127 2559 ereptus,
1151 2476 1305 2565 quantum

180 2579 216 2645 ad
256 2577 398 2662 gloriam,
436 2573 653 2660 longissimum
690 2593 800 2640 aevum
837 2573 966 2658 peregit.
1015 2574 1129 2659 quippe
1165 2575 1198 2640 et
1232 2593 1306 2639 vera

179 2677 268 2755 bona,
298 2693 377 2758 quae
406 2672 634 2739 invirtutibus
667 2672 728 2738 sita
755 2672 836 2752 sunt,
867 2671 1059 2757 impleverat,
1089 2673 1120 2738 et
1149 2671 1305 2738 consulari

129 2782 161 2838 10
180 2795 215 2840 ac
244 2772 489 2855 triumphalibus
522 2770 710 2836 ornamentis
742 2769 882 2854 praedito
915 2768 991 2853 quid
1022 2768 1110 2835 aliud
1144 2769 1305 2835 adstruere

179 2873 303 2940 fortuna
330 2871 473 2955 poterat?
505 2868 615 2952 opibus
642 2867 748 2933 nimiis
777 2864 840 2934 non
865 2867 1030 2953 gaudebat,
1061 2867 1214 2953 speciosae
1237 2886 1306 2933 con·

178 2970 326 3057 tigerant.
370 2966 438 3033 filia
460 2969 553 3052 atque
583 2984 673 3032 uxore
701 2965 922 3050 superstitibus
949 2967 1050 3049 polest
1079 2965 1177 3032 videri
1206 2966 1304 3032 etiam

179 3071 288 3136 beatus
316 3066 465 3134 incolumi
500 3064 663 3150 dignitate,
686 3063 812 3130 florente
842 3064 936 3144 fama,
964 3062 1057 3129 saluis
1087 3063 1305 3130 adfinitatibus

179 3171 211 3235 et
226 3166 375 3233 amicitiis
395 3164 502 3231 futura
517 3163 671 3249 effugisse.
709 3181 780 3228 nam
803 3162 885 3228 sicut
907 3161 935 3228 ei
950 3181 1014 3227 coa
1030 3161 1118 3227 licuit
1140 3161 1251 3228 durare
1269 3162 1304 3227 in

129 3277 161 3332 15
179 3268 258 3331 hanc
281 3261 452 3330 beatissimi
476 3261 591 3328 saeculi
613 3260 716 3327 lucem
743 3280 778 3326 uc
800 3260 972 3345 principem
995 3259 1165 3327 Traianum
1189 3259 1306 3340 videre,

179 3363 260 3447 quod
294 3359 425 3446 augurio
458 3360 598 3442 votisque
631 3359 714 3444 apud
747 3360 866 3424 nostras
899 3357 984 3423 auris
1017 3357 1222 3436 ominabatur,
1256 3357 1306 3422 ita

179 3460 342 3527 festinatae
375 3459 484 3524 mortis
517 3456 632 3543 grande
662 3456 812 3523 solacium
842 3456 918 3522 tulit
947 3455 1078 3522 evasisse
1111 3457 1303 3540 postremum

178 3557 260 3624 illud
282 3559 415 3641 tempus
438 3575 499 3639 quo
514 3556 713 3624 Domitianus
736 3573 794 3621 non
809 3555 872 3619 iam
895 3575 948 3639 per
963 3552 1129 3620 intervalla
1150 3572 1186 3618 ac
1208 3553 1305 3635 spira·

178 3657 283 3722 menta
309 3657 492 3738 temporum,
516 3653 569 3720 sed
594 3652 739 3719 continuo
769 3653 801 3718 et
822 3651 909 3718 uelut
935 3671 996 3718 uno
1018 3653 1084 3717 ictu
1113 3669 1178 3716 rem
1201 3649 1306 3732 publi-

126 3771 160 3826 20
178 3773 247 3820 cam
270 3752 420 3819 exhausit.
