2890 4570
696 199 836 252 ...24-

203 357 275 404 nere
306 342 464 423 praestans
498 338 619 404 nomine
653 336 805 422 Oalcagus
837 337 919 422 apud
953 343 1143 406 contractam
1182 342 1333 408 multitu-

203 436 308 502 dinem
331 435 481 520 proelium
505 436 679 520 poscentem
702 437 734 500 iu
757 437 840 501 hunc
863 434 988 502 modum
1013 437 1136 504 locutus
1158 439 1277 505 fertur:

571 559 666 602 Diaeomo
679 557 700 600 dl
714 559 802 612 vulcano
815 559 836 601 ei
849 559 954 603 Britanni.

289 628 389 695 XXX.
415 627 590 710 «Quotiens
611 648 719 696 causas
741 628 818 695 belli
839 633 871 696 et
892 631 1107 698 necessitatem
1122 635 1259 698 nostram
1282 635 1333 699 in·

203 731 301 806 tueor,
327 747 459 813 magnus
482 727 562 793 mihi
591 727 714 794 animus
742 730 790 796 est
810 728 994 795 hodiernum
1023 729 1106 796 diem
1133 749 1329 798 consensum·

203 845 264 910 que
287 826 424 892 vestrum
453 825 580 890 initium
606 825 762 891 libertatis
792 825 849 893 toti
881 825 1063 892 Britanniae
1086 827 1168 905 fore;
1198 833 1331 896 namet

204 923 340 990 uniuersi
363 922 522 989 servitutis
547 925 684 1007 expertes
713 925 745 988 et
767 923 872 989 nullae
894 922 978 989 ultra
1000 926 1100 990 terrae
1122 943 1157 992 ao
1179 945 1218 991 ne
1240 945 1331 995 mare

168 1019 330 1105 5quidem
358 1040 501 1087 securum
533 1020 702 1086 inminente
732 1020 819 1086 nobis
850 1020 946 1087 classe
973 1021 1121 1088 Romana.
1167 1023 1213 1088 ita
1242 1043 1331 1107 proe-

203 1119 283 1184 lium
306 1121 399 1204 atque
429 1137 525 1196 arma,
557 1137 636 1201 quae
658 1117 790 1183 fortibus
813 1118 950 1202 honesta,
972 1118 1079 1185 eadem
1110 1119 1206 1185 etiam
1236 1121 1330 1206 igna-

204 1217 251 1284 vis
272 1217 431 1283 tutissima
459 1218 540 1282 sunt.
584 1214 700 1298 priores
732 1235 862 1300 pugnae,
896 1217 1010 1301 quibus
1039 1216 1185 1284 adversus
1211 1217 1330 1286 Boma-

204 1334 257 1381 nos
280 1315 365 1381 varia
387 1315 510 1380 fortuna
532 1315 685 1379 certaturn
707 1315 764 1389 cst,
788 1333 873 1396 spem
899 1333 936 1380 ac
958 1313 1133 1381 subsidium
1156 1317 1189 1379 in
1212 1317 1329 1383 nostris

205 1412 348 1478 manibus
374 1412 539 1490 habebant,
573 1411 648 1494 quia
673 1410 859 1476 nobilissimi
894 1412 990 1478 totius
1020 1411 1201 1479 Britanniae
1228 1433 1329 1497 eoque

153 1523 186 1578 10
204 1511 236 1575 in
263 1511 338 1594 ipsis
367 1499 578 1594 penetralibus
611 1509 665 1574 siti
694 1528 749 1574 nec
779 1510 980 1575 servientium
1009 1511 1101 1576 litora
1131 1511 1329 1595 aspicientes,

204 1609 308 1676 oculos
330 1627 451 1693 quoque
481 1627 499 1673 a
521 1607 664 1673 contactu
686 1607 905 1672 dominationis
937 1607 1101 1675 inviolatos
1122 1609 1327 1676 habebamus.

204 1726 257 1774 nos
282 1709 437 1772 terrarum
468 1725 503 1773 ao
533 1706 688 1772 libertatis
721 1706 870 1771 extremos
903 1724 1039 1772 recessus
1071 1707 1136 1789 ipse
1170 1725 1205 1772 ac
1239 1707 1329 1774 sinus

202 1806 303 1872 famae
319 1805 351 1870 in
366 1806 450 1871 hunc
464 1804 547 1870 diem
562 1803 712 1878 defendit;
725 1805 818 1888 atque
830 1821 919 1868 omne
933 1803 1076 1888 ignotum
1091 1823 1145 1888 pro
1160 1805 1330 1890 magnifico

204 1905 266 1968 est:
300 1902 353 1968 sed
386 1921 467 1967 nunc
498 1901 651 1970 terminus
684 1901 866 1966 Britanniae
900 1902 997 1984 patet,
1029 1901 1118 1967 nulla
1150 1901 1212 1967 iam
1241 1903 1328 1969 ultra

153 2015 186 2070 15
203 2019 288 2084 gena,
315 1998 395 2064 nihil
422 1999 483 2064 nisi
512 1998 627 2063 fluctus
655 1999 686 2063 et
714 2016 795 2079 sara,
825 1999 856 2063 et
884 1998 1057 2064 infestiores
1084 1999 1226 2084 Romani,
1254 2019 1328 2083 quo·

202 2118 273 2164 rum
296 2098 472 2181 superbiam
502 2097 617 2162 frustra
644 2116 698 2180 per
727 2097 909 2179 obsequium
937 2116 973 2162 ac
1000 2097 1182 2164 modestiam
1208 2099 1328 2186 effuge-

203 2195 255 2261 ris.
301 2195 436 2280 raptores
480 2196 571 2273 orbis,
608 2195 771 2278 postquam
815 2196 927 2260 cuncta
970 2195 1165 2262 vastantibus
1201 2196 1327 2263 defuere

204 2294 313 2375 terrae,
342 2293 405 2359 iam
436 2297 467 2359 et
493 2311 578 2358 mare
600 2294 792 2358 scrutantur:
823 2293 848 2357 si
871 2292 1009 2376 locuples
1031 2294 1128 2359 hostis
1150 2296 1206 2373 est,
1229 2295 1326 2374 avari,

204 2389 229 2456 si
253 2409 377 2474 pauper,
406 2390 574 2471 ambitiosi,
597 2409 673 2475 quos
702 2409 761 2458 non
784 2389 902 2468 Oriens,
933 2409 991 2455 non
1015 2390 1164 2456 Occidens
1194 2393 1327 2459 satiave-

152 2488 258 2560 201it:
290 2489 509 2554 sollemnium
540 2507 610 2573 opes
643 2489 736 2572 atque
766 2487 902 2571 inopiam
935 2489 1003 2573 pari
1031 2488 1156 2555 adfectu
1185 2491 1326 2576 concupi-

204 2587 302 2652 scunt.
348 2587 466 2653 auferre
495 2587 650 2654 trucidare
683 2605 788 2671 rapere
819 2585 906 2650 salsis
936 2586 1113 2653 nominibus
1147 2587 1325 2672 imperium,

204 2686 298 2766 atque
320 2683 374 2748 ubi
398 2683 598 2750 solitudinem
621 2684 749 2759 faciunt,
772 2702 879 2767 pacem
901 2683 1069 2767 appellant.
1082 2709 1100 2744 u

534 2807 699 2850 continuatore
710 2807 744 2849 del
758 2807 849 2850 discorso
863 2808 884 2849 dl
898 2807 994 2860 Osleago.

289 2877 406 2943 XXXI.
431 2903 449 2937 ‹
463 2879 588 2944 Liberos
605 2877 718 2961 cuique
734 2897 769 2942 ac
784 2878 971 2961 propinquos
986 2897 1057 2944 suos
1073 2881 1184 2944 natura
1207 2879 1326 2946 carissi-

205 2994 270 3041 mos
292 2995 356 3042 esse
386 2975 500 3041 voluit:
531 2975 565 3040 hi
595 2994 648 3059 per
680 2974 813 3040 dilectus
841 2975 916 3041 alibi
947 2976 1092 3040 servituri
1125 2975 1323 3042 auferuntur:

205 3075 350 3162 coniuges
382 3094 558 3158 sororesque
590 3074 685 3140 etiam
719 3074 744 3138 si
780 3074 924 3140 hostilem
960 3073 1125 3141 libidinem
1161 3074 1325 3160 effugiant,

204 3174 326 3250 nomine
349 3173 519 3240 amicorum
542 3175 635 3258 atque
658 3173 814 3255 hospitum
837 3173 1028 3256 polluuntur.
1073 3172 1152 3238 bona
1174 3171 1327 3238 fortunae·

170 3271 493 3354 squammarum,
514 3289 588 3355 ager
607 3272 700 3354 atqua
723 3289 821 3335 annus
843 3270 875 3335 in
892 3270 1094 3347 immeritum,
1118 3287 1242 3353 corpora
1256 3269 1326 3354 ipsa

204 3386 239 3433 ac
256 3386 364 3434 manus
388 3368 475 3434 silvis
498 3386 532 3434 au
551 3368 717 3452 paludibus
740 3367 934 3434 emuniendis
956 3367 1036 3432 inter
1051 3367 1177 3432 vertera
1198 3385 1235 3444 ac
1257 3384 1326 3432 con·
1434 3381 1435 3392 ¹

204 3465 350 3532 tumelias
373 3467 581 3534 conteruntur.
626 3467 699 3532 nata
721 3465 864 3531 seruituti
887 3464 1044 3548 mancipia
1065 3463 1160 3530 semel
1180 3465 1325 3548 veneunt,

204 3566 297 3647 atque
312 3564 395 3629 ultro
411 3564 575 3630 adominis
596 3565 740 3630 aluntur:
763 3561 927 3629 Britannia
942 3562 1122 3648 servitutem
1146 3580 1234 3628 suam
1253 3579 1326 3644 quo·

203 3661 280 3728 tidie
303 3663 389 3742 emit,
413 3661 551 3743 quotidie
573 3663 680 3746 pascit.
726 3677 761 3726 ac
784 3661 865 3727 sicui
886 3661 920 3724 in
942 3659 1064 3724 familia
1094 3659 1325 3726 recentissimus
1433 3689 1434 3718 ι

153 3779 185 3834 10
204 3760 335 3844 quisque
369 3775 523 3827 servorum
558 3761 653 3826 etiam
684 3759 836 3826 conservis
868 3757 1005 3824 ludibrio
1038 3759 1093 3836 est,
1128 3757 1171 3823 sie
1204 3756 1237 3821 in
1267 3757 1325 3824 hoc

203 3857 286 3925 orbis
308 3861 461 3923 terrarum
484 3858 584 3923 vetere
607 3856 761 3923 famulatu
791 3856 861 3922 novi
884 3873 938 3921 nos
960 3857 992 3921 et
1014 3854 1091 3920 viles
1112 3853 1146 3918 in
1168 3853 1325 3920 excidium

203 3957 355 4042 petimur3
378 3974 477 4040 neque
499 3954 582 4020 enim
602 3973 674 4020 arva
696 3955 783 4020 nobis
805 3956 861 4019 aut
882 3953 1011 4020 metalla
1033 3953 1089 4018 aut
1110 3952 1218 4036 portus
1240 3953 1323 4032 sunt,
