2890 4570
683 215 826 270 —22-
883 273 888 282 ,

198 356 230 422 et
250 355 377 422 laot'tia'
394 375 451 422 sua
473 356 604 440 quisque
627 355 719 435 iacta,
741 375 812 422 suos
844 375 933 424 casus
959 356 1146 432 attollerent,
1170 374 1206 421 ae
1228 355 1322 422 modo

198 454 348 520 silvarum
381 473 417 520 ae
449 453 603 520 montium
638 453 798 539 profunda,
832 455 921 521 modo
953 455 1175 539 tempestatum
1205 472 1240 520 aa
1263 454 1322 520 flu-

149 563 180 617 10
198 553 308 618 ctuum
329 551 465 628 adversa,
488 551 562 617 hinc
583 553 667 618 terra
688 552 720 617 et
742 553 849 630 bostis,
871 553 945 618 hinc
970 551 1072 619 rietus
1101 551 1241 617 Oceanus
1264 552 1322 616 mi·

198 650 285 715 litari
318 649 468 715 iactantia
500 650 761 734 compararentur.
816 650 982 716 Britannos
1004 668 1135 734 quoque,
1158 650 1195 714 ut
1215 667 1251 714 ex
1274 667 1324 714 ca-

200 747 294 830 ptivis
329 745 536 827 audiebatur,
573 747 639 814 risa
679 747 788 813 classis
830 747 1116 831 obstupefaciebat,
1157 749 1323 829 tamquam

198 845 303 928 aperto
326 844 420 910 maris
442 846 490 911 sni
520 849 636 913 secreto
657 845 808 912 ultimum
841 845 933 912 victis
962 844 1139 931 perfugium
1162 842 1324 910 claudere-

198 944 259 1014 tur.
303 942 343 1007 ad
366 962 475 1008 manus
508 946 539 1009 et
572 962 659 1008 arma
692 943 828 1010 conversi
858 942 1057 1010 Caledoniam
1079 941 1248 1008 incolentes
1270 959 1323 1025 po·

148 1039 180 1092 15
198 1041 276 1124 puli,
298 1044 409 1125 paratu
431 1061 553 1128 magno,
575 1043 691 1108 maiore
713 1041 807 1125 fama,
834 1043 881 1108 uti
905 1061 970 1109 mos
995 1044 1042 1108 est
1064 1041 1102 1107 da
1123 1039 1248 1126 ignotis,
1272 1059 1324 1123 op·

198 1158 335 1226 pugnare
367 1141 450 1207 ultro
482 1139 612 1207 castella
644 1141 755 1220 adorti,
788 1141 907 1206 metum
941 1140 978 1206 ut
1006 1139 1204 1225 provocantes
1233 1137 1324 1203 addi-

198 1238 322 1316 derant;
359 1237 658 1323 regrediendumque
695 1238 774 1304 eitra
817 1238 996 1305 Bodotriam
1040 1238 1072 1304 et
1114 1234 1322 1303 excedendum

198 1336 301 1418 potius
330 1353 424 1416 quam
454 1334 643 1418 pellerentur
671 1336 779 1420 ignavi
808 1337 909 1420 specie
942 1333 1143 1420 prudentium
1178 1333 1324 1399 admone-

199 1430 283 1511 bant,
306 1449 377 1496 cum
400 1431 527 1497 interim
555 1433 712 1517 cognoscit
739 1433 837 1499 bostis
867 1433 1010 1518 pluribus
1039 1431 1218 1518 agminibus
1240 1430 1324 1495 irru-

146 1533 180 1585 20
197 1528 315 1612 pturos.
360 1547 396 1595 ac
418 1548 455 1595 ne
478 1531 642 1614 superante
668 1549 795 1596 numero
822 1532 854 1597 et
878 1530 991 1615 peritia
1012 1531 1149 1596 locorum
1175 1529 1323 1595 circumi-

200 1628 295 1707 retur,
319 1624 417 1693 diviso
440 1627 558 1712 etipse
581 1628 613 1692 in
629 1627 687 1693 tris
709 1630 812 1712 partes
834 1629 971 1694 exercitu
992 1628 1128 1693 incessit.

559 1777 650 1822 Vlttorlu
664 1778 685 1820 dl
699 1777 796 1832 Agricola
809 1778 841 1820 nul
855 1777 963 1819 Caledoni.

283 1864 400 1929 XXVI.
424 1864 513 1944 Quod
534 1865 589 1930 ubi
612 1866 773 1950 cognitum
790 1865 882 1944 hosti,
904 1866 1025 1930 mutato
1047 1864 1171 1947 repente
1193 1861 1324 1930 consilio

199 1962 335 2028 universi
358 1980 470 2026 nonam
485 1961 641 2046 legionem
662 1965 700 2027 ut
721 1962 855 2027 maxime
869 1962 1040 2027 invalidam
1063 1963 1150 2027 nocte
1173 1958 1323 2044 adgressi,

198 2061 280 2125 inter
301 2077 444 2124 somnum
466 2076 502 2122 ae
523 2058 762 2141 trepidationem
785 2059 881 2125 caesis
904 2059 1054 2144 vigilibus
1075 2058 1223 2142 irrupere.
1246 2057 1323 2120 iam-

199 2175 258 2242 que
284 2155 317 2220 in
340 2155 417 2239 ipsis
446 2156 556 2221 castris
585 2147 794 2240 pugnabatur,
824 2176 896 2223 cum
919 2155 1066 2242 Agricola
1094 2156 1155 2220 iter
1184 2153 1322 2220 bostium

165 2254 238 2318 5ab
274 2252 517 2338 exploratoribus
553 2253 679 2318 edoctus
716 2255 748 2319 et
782 2253 924 2339 vestigiis
959 2254 1128 2336 insecutus,
1165 2251 1324 2318 velocissi-

201 2370 265 2417 mos
286 2351 428 2435 equitum
451 2351 654 2434 peditumque
683 2350 842 2417 adsultare
864 2352 962 2437 tergis
991 2350 1201 2435 pugnantium
1224 2349 1322 2428 iubet,

199 2469 268 2516 mor
290 2450 329 2517 ab
351 2449 504 2516 universis
532 2449 614 2515 adici
643 2449 825 2526 clamorem3
854 2452 886 2516 et
912 2451 1085 2532 propinqua
1113 2449 1182 2514 luce
1208 2448 1323 2515 fulsere

198 2550 297 2632 signa.
335 2548 381 2613 ita
402 2547 532 2631 ancipiti
559 2547 642 2613 malo
667 2547 770 2612 territi
798 2547 960 2622 Britanni;
990 2548 1022 2612 et
1050 2546 1199 2612 Romanis
1228 2545 1324 2612 rediit

199 2646 332 2723 animus,
354 2663 390 2710 ac
413 2646 512 2710 securi
538 2665 592 2728 pro
614 2646 715 2711 salute
745 2643 782 2711 de
804 2644 905 2730 gloria
926 2644 1095 2710 certabant.
1141 2643 1223 2709 ultro
1245 2645 1323 2727 quin
1438 2669 1439 2674 ¹

150 2753 181 2805 10
199 2743 296 2808 etiam
318 2760 454 2825 erupere,
485 2743 516 2809 et
537 2743 599 2808 fuit
621 2744 706 2808 atrox
735 2743 768 2807 in
790 2743 866 2826 ipsis
887 2744 1046 2825 portarum
1062 2740 1217 2826 angustiis
1239 2759 1323 2825 proe-
1438 2799 1439 2818 ,

199 2839 290 2918 lium,
313 2839 407 2906 donec
438 2839 521 2922 pulei
551 2840 664 2919 hostes,
693 2841 825 2921 utroque
859 2839 995 2905 exercitu
1026 2840 1172 2917 certante,
1202 2839 1262 2918 his,
1286 2841 1324 2904 ut

199 2937 309 3004 tulisse
338 2956 437 3021 opem,
459 2935 536 3015 illis,
558 2954 596 3001 ne
622 2937 743 3021 eguisse
771 2935 888 3001 auxilio
917 2935 1104 3002 riderentur.
1150 2934 1231 3019 quod
1261 2936 1323 3002 nisi

198 3035 347 3200 {guffiq
360 3038 393 3100 et
424 3034 520 3100 silvae
553 3033 707 3119 fugientes
739 3034 896 3112 texissent,
922 3032 1112 3099 debellatum
1140 3034 1197 3099 illa
1226 3034 1324 3100 victo-

225 3283 235 3323 1
250 3282 336 3324 Romani
351 3281 428 3323 ardone
441 3280 462 3321 di
476 3279 609 3332 conquistare
622 3279 680 3322 tutta
694 3280 716 3321 la
729 3278 850 3332 Britanmn
872 3278 880 3321 l
894 3278 990 3321 Britanni
1004 3279 1022 3320 si
1036 3291 1151 3332 proporaria
1166 3281 1208 3322 ulls
1221 3280 1296 3324 ditm.

284 3385 417 3450 XXVII.
441 3384 538 3451 Cuius
553 3383 740 3451 conscientia
754 3403 790 3450 ac
805 3384 888 3449 fama
902 3382 985 3448 ferox
1001 3385 1152 3450 exercitus
1168 3385 1249 3452 nihil
1266 3387 1325 3452 rir-
1437 3395 1438 3470 ᾗ

199 3482 262 3548 tuti
285 3501 357 3548 suae
380 3483 501 3548 invium
524 3485 556 3549 et
577 3481 796 3567 penetrandam
820 3481 1019 3548 Caledoniam
1041 3483 1325 3568 inveniendumque

199 3579 324 3644 tandem
347 3580 528 3646 Britanniae
558 3581 727 3646 terminum
760 3579 904 3646 continuo
932 3578 1119 3661 proeliorum
1148 3600 1241 3646 cursu
1264 3583 1326 3647 fre·

200 3678 334 3743 mebant.
379 3678 472 3760 atque
505 3676 555 3742 illi
589 3678 677 3744 modo
714 3678 799 3743 cauti
833 3695 868 3742 ac
902 3676 1055 3759 sapientes
1087 3679 1222 3762 prompti
1254 3685 1327 3763 post

165 3778 345 3848 5eventum
382 3793 419 3839 ac
451 3774 645 3860 magniloqui
680 3778 777 3841 erant.
821 3773 1019 3859 iniquissima
1056 3775 1131 3840 haec
1168 3774 1348 3842 bellorum

200 3872 338 3938 condicio
361 3874 422 3939 est:
446 3891 591 3957 prospera
620 3892 725 3939 omnes
754 3873 814 3938 sibi
837 3871 1006 3949 vindicant,
1035 3871 1163 3938 adversa
1184 3872 1240 3937 uni
1266 3873 1324 3938 im-

200 3971 358 4054 putantur.
404 3973 438 4036 at
466 3969 609 4036 Britanni
639 3990 699 4038 non
722 3971 837 4037 virtute
863 3989 905 4048 sc,
935 3969 987 4036 sed
1010 3969 1165 4035 occasione
1195 3972 1227 4035 et
1255 3975 1324 4038 arte
