2890 4570
591 237 733 292 -27-

97 371 232 436 defixere
254 371 352 437 aciem
374 372 407 436 in
429 373 479 436 his
501 372 652 459 vestigiis,
675 374 707 438 in
731 373 845 456 quibus
867 373 1031 458 pulchram
1053 376 1085 441 et
1106 379 1222 460 specta·

99 468 200 534 bilem
221 469 382 535 victoriam
412 469 552 536 ederetis.
597 470 764 557 transigite
792 489 865 536 cum
891 471 1146 556 expeditionibus,
1168 475 1223 538 im-

98 566 205 650 ponite
230 567 459 652 quinquaginta
492 569 580 634 annis
603 587 753 654 magnum
781 569 875 648 diem,
905 569 1071 654 adprobate
1100 571 1145 636 rei
1167 592 1224 656 pu-

98 664 202 730 blicae
224 684 395 748 numquam
426 666 572 732 exercitui
604 665 753 750 imputari
775 668 912 750 potuisse
941 669 996 733 aut
1026 669 1276 736 morasbelli15

98 766 157 828 aut
179 781 288 828 causas
309 763 526 829 rebellandi.»

348 923 425 966 Ordlna
438 923 461 966 di
472 924 576 977 battaglla
590 924 731 968 dall'eesrcito
745 937 830 968 romano
844 937 855 967 a
869 925 974 968 britanno.

186 1011 317 1076 XXXV.
330 1012 371 1076 Bt
386 1011 571 1095 adloquente
588 1012 691 1078 adhuc
699 1012 846 1098 Agricola
858 1013 999 1079 militum
1009 1013 1100 1080 ardor
1114 1016 1225 1081 emine-

97 1112 163 1186 bat,
195 1112 228 1175 et
250 1109 342 1174 finem
364 1109 511 1176 orationis
532 1111 642 1196 ingens
670 1111 816 1176 alacritas
838 1113 1001 1178 consecuta
1022 1114 1079 1191 eet,
1106 1114 1225 1179 statim·

98 1227 161 1292 que
183 1207 224 1272 ad
246 1225 332 1272 arma
354 1207 539 1274 discursum.
583 1208 745 1274 instinctos
774 1211 959 1292 ruentesque
987 1209 1033 1276 ita
1063 1209 1225 1294 disposuit,

100 1308 139 1372 ut
160 1304 302 1388 peditum
331 1305 458 1389 auxilia,
489 1325 567 1388 quae
597 1308 664 1371 octo
687 1306 813 1372 milium
842 1310 940 1386 erant,
963 1307 1097 1374 madiam
1126 1310 1224 1375 aciem

103 1403 271 1482 firmarent,
293 1403 436 1486 equiturn
466 1404 528 1469 tria
550 1404 640 1468 milia
665 1404 809 1471 cornibus
838 1405 1090 1472 adfunderentur.
1133 1407 1261 1492 legio-5

102 1522 156 1568 nes
178 1521 232 1587 pro
254 1501 337 1568 vallo
361 1503 483 1580 stetere,
513 1501 621 1587 ingens
643 1503 790 1569 victoriae
819 1503 912 1570 docus
941 1503 1020 1570 citra
1050 1504 1224 1570 Romanum

99 1599 287 1686 sanguinem
309 1599 450 1678 bellanti,
473 1601 504 1665 et
526 1599 690 1679 auxilium,
712 1600 739 1665 si
762 1601 960 1684 pellerentur.
1004 1602 1225 1669 Britannorum

101 1699 184 1764 acies
205 1697 239 1762 in
262 1695 395 1781 speeiem
425 1697 521 1762 simul
543 1715 578 1762 ac
600 1699 748 1763 terrorem
777 1697 960 1764 editioribus
985 1699 1063 1764 locis
1085 1700 1226 1766 const'te·

105 1799 154 1861 rat
175 1795 230 1875 ita,
253 1797 290 1860 ut
311 1795 449 1878 primum
472 1814 583 1880 agmen
606 1795 639 1859 in
661 1813 770 1878 aequo,
788 1796 882 1862 ceteri
904 1815 959 1878 per
973 1795 1093 1862 adclive
1115 1796 1226 1880 iugum

105 1894 207 1960 conexi
244 1892 332 1958 uelut
367 1893 582 1978 insurgerent;
620 1892 723 1958 media
760 1894 863 1978 campi
900 1894 1096 1960 covinnarius
1133 1914 1226 1978 eques
1247 1896 1279 1948 10

102 1992 237 2077 strepitu
263 2009 299 2056 ac
327 1990 469 2056 discursu
497 1991 681 2075 complebat.
725 1993 795 2057 tum
817 1991 964 2078 Agricola
991 1996 1155 2076 superante
1177 1995 1226 2058 ho·

103 2091 201 2156 stium
231 2087 436 2154 multitudine
469 2089 595 2169 veritus,
628 2108 666 2156 ne
699 2090 732 2154 in
765 2089 897 2156 frontem
936 2090 1033 2156 simul
1065 2094 1097 2156 et
1129 2091 1227 2157 latera

102 2207 230 2255 suorum
269 2188 469 2272 pugnaretur,
509 2186 645 2253 diductis
689 2186 859 2265 ordinibus,
896 2207 1087 2271 quamquam
1130 2207 1228 2272 porre-

102 2287 180 2352 ctior
218 2284 301 2350 acies
343 2285 450 2350 futura
493 2287 560 2352 erat
603 2287 634 2350 et
671 2286 865 2352 arcessendas
908 2287 1048 2370 plerique
1092 2287 1228 2372 legiones

101 2383 319 2460 admonebant,
352 2382 522 2466 promptior
554 2383 586 2447 in
616 2403 701 2466 spem
734 2385 765 2449 et
791 2383 899 2450 firmus
930 2384 1075 2463 adversis,
1101 2383 1228 2450 dimisso
1248 2388 1280 2441 15

102 2501 181 2565 equo
204 2480 298 2564 pedes
320 2482 391 2546 ante
414 2480 528 2546 vexilla
550 2480 700 2546 constitit.

349 2641 481 2684 Doscnaiona
495 2641 550 2684 della
563 2641 667 2694 baltaglia
681 2641 714 2683 ira
728 2641 816 2684 Romani
829 2654 841 2683 e
855 2641 960 2684 Britanni.

190 2729 337 2796 XXXVI.
361 2729 407 2796 Ao
422 2731 522 2814 primo
537 2749 700 2814 congressu
721 2729 843 2795 eminus
858 2730 1050 2806 certabatur;
1073 2730 1229 2814 simulque

103 2829 288 2906 constantia,
311 2828 494 2894 simulante
517 2827 661 2893 Britanni
691 2827 870 2912 ingentibus
892 2827 1007 2913 gladiis
1032 2830 1064 2894 et
1085 2829 1229 2894 brevibus

103 2927 217 2994 caetris
240 2926 374 2992 missilia
395 2926 566 2991 nostrorum
599 2925 697 2992 vitare
719 2926 767 2990 vel
791 2928 941 3006 excutere,
965 2928 1058 3010 atque
1080 2927 1141 3010 ipsi
1164 2947 1229 2990 ma-

102 3043 199 3111 gnam
229 3024 294 3089 vim
322 3024 454 3089 telorum
485 3022 715 3106 superfundere,
746 3023 839 3089 donee
862 3024 1009 3110 Agricola
1041 3025 1227 3090 Batavorum

103 3123 246 3188 cohortes
275 3140 310 3186 ac
333 3121 529 3206 Tungrorum
558 3120 635 3185 duas
668 3122 844 3186 cohortatus
874 3122 928 3196 est,
957 3122 1079 3184 utrem
1103 3121 1141 3183 ad
1164 3121 1264 3184 mu-5

103 3238 211 3287 croncs
233 3238 269 3284 aa
292 3238 402 3285 manue
431 3219 635 3295 adducerent;
658 3218 739 3301 quod
761 3220 793 3283 et
813 3217 890 3302 ipsis
912 3218 1066 3283 vetustate
1095 3217 1229 3282 militiae

12 3399 13 3410 χ
104 3317 310 3384 exercitatum
332 3318 364 3383 et
385 3318 526 3382 hostibus
548 3316 697 3395 inhabile,
719 3334 815 3399 parva
837 3318 924 3380 scuta
950 3317 982 3382 et
1004 3333 1142 3381 enormes
1164 3315 1227 3401 gla-

12 3423 14 3512 ξ
105 3416 171 3482 dios
194 3415 391 3502 gerentibus;
421 3433 492 3480 nam
516 3415 737 3479 Britannorum
764 3412 862 3499 gladii
892 3414 958 3479 sine
982 3433 1126 3479 mucrone
1149 3433 1229 3479 com-

105 3515 231 3597 plexum
255 3531 411 3578 armorum
432 3515 464 3578 et
485 3513 518 3577 in
541 3513 607 3578 arto
629 3531 767 3598 pugnam
790 3530 849 3576 non
865 3511 1049 3577 tolerabant.
1082 3513 1180 3596 igitur
1195 3514 1231 3575 nt

12 3629 13 3674 1
106 3611 220 3677 Batavi
243 3609 371 3676 miscere
403 3610 495 3689 ictus,
525 3610 616 3676 ferire
638 3609 835 3691 umbonibus,
862 3627 914 3674 ora
936 3608 1047 3688 ledere,
1071 3613 1103 3674 et
1125 3611 1283 3674 stratis10

12 3705 13 3722 ¹
107 3711 161 3792 qui
184 3710 218 3773 in
241 3726 338 3791 aequo
360 3707 554 3787 adstiterunt,
583 3708 701 3792 erigere
723 3707 755 3771 in
778 3705 873 3772 colles
905 3708 1003 3772 aciem
1026 3725 1160 3790 coepere,
1184 3725 1232 3771 ce-

12 3799 13 3886 ,
107 3811 190 3873 ierac
212 3807 351 3872 cohortes
383 3806 590 3871 aemulatione
616 3807 648 3870 et
675 3805 795 3888 impetu
825 3804 945 3870 conisae
968 3804 1120 3888 proximos
1142 3823 1232 3888 quos-

108 3925 167 3987 que
195 3903 335 3970 caedere:
364 3923 400 3969 ao
429 3904 570 3987 plerique
604 3902 771 3968 semineces
803 3904 859 3966 aut
888 3902 1003 3987 integri
1036 3902 1232 3968 testinatione

109 4003 256 4069 victoriae
286 4001 549 4084 relinquebantur.
594 4001 719 4066 interim
750 4000 893 4084 equitum
915 4001 1046 4080 turmae,
1069 4005 1106 4064 at
1127 4001 1232 4085 lugere
