2890 4570
601 243 742 300 ..13-

108 387 221 452 eventu
241 384 399 469 praefecit.
454 403 509 451 neo
531 385 677 471 Agricola
701 404 851 470 umquam
873 386 906 450 in
929 405 1018 452 suam
1039 386 1155 452 famam
1177 407 1226 474 ge·

108 485 166 551 stis
187 483 374 550 exsultavit:
397 482 436 548 ad
458 485 614 550 auctorem
647 502 683 548 ac
715 483 825 550 ducem
849 487 885 550 ut
907 484 1049 550 minister
1071 484 1226 551 fortunam
1246 499 1279 554 10

106 582 268 648 referebat
312 583 359 647 ita
395 581 511 648 virtute
547 581 579 646 in
617 581 827 665 obsequendo,
850 582 1034 648 verecundia
1054 583 1087 647 in
1109 584 1227 668 praedi-

106 680 205 747 cando
226 681 313 746 extra
333 679 484 746 inuidiam
507 699 562 746 neo
584 681 669 746 extra
690 679 823 766 gloriam
845 681 920 746 orat.

241 828 308 870 Entra
320 826 445 870 nell'ordine
458 826 492 868 dei
505 825 592 879 patriai3
607 826 700 869 lodevole
713 826 903 871 ammimstrarione
917 827 1094 882 oewaquitaniap

374 897 457 941 console
470 909 482 940 e
495 897 609 950 portellam
624 897 761 950 gommtors
774 897 829 939 della
842 899 955 952 Bratagnn.

193 987 249 1052 IX.
272 987 488 1052 Revertentem
511 984 725 1070 ablegatione
747 985 879 1071 legionis
907 985 997 1052 divus
1020 986 1227 1070 Vespasianus

104 1087 190 1152 inter
211 1085 359 1171 patricios
380 1084 528 1169 adscivit,
552 1102 587 1150 ao
602 1084 712 1150 deinde
733 1084 908 1169 prouinciae
929 1085 1118 1168 Aquitaniae
1140 1107 1227 1171 prae-

106 1185 222 1270 posuit,
244 1182 605 1280 splendidaeimprimis
631 1182 794 1268 dignitatis
827 1183 1095 1250 administratione
1117 1203 1152 1250 ao
1174 1205 1228 1270 spe

107 1283 297 1362 consulatus,
329 1282 380 1348 eui
413 1280 592 1346 destinarat.
636 1280 765 1347 creduut
797 1281 937 1365 plerique
968 1281 1158 1348 militaribus
1179 1283 1228 1347 in-

109 1378 213 1465 geniis
244 1379 450 1445 subtilitatem
484 1378 597 1458 deesse,
621 1379 695 1461 quia
728 1379 892 1444 castrensis
922 1379 1100 1445 iurisdictio
1120 1386 1262 1446 secura5
1326 1409 1328 1416 ,

110 1479 143 1543 ot
165 1477 300 1544 obtusior
321 1496 357 1542 ao
379 1477 470 1562 plura
504 1495 598 1541 manu
630 1495 724 1562 agens
756 1477 962 1543 calliditatem
985 1477 1043 1543 fori
1065 1497 1125 1544 non
1147 1497 1227 1544 exer-

107 1576 186 1641 ceat.
210 1575 356 1660 Agricola
388 1573 525 1640 naturali
558 1573 732 1658 prudentia,
755 1575 897 1658 quamvis
929 1576 1011 1641 inter
1032 1577 1163 1661 togatos,
1186 1576 1227 1640 fa·

106 1675 169 1740 cile
196 1675 339 1756 iusteque
372 1673 492 1758 agebat.
536 1671 600 1737 iam
632 1691 703 1738 vero
735 1674 873 1757 tempora
906 1692 1051 1739 curarum
1074 1675 1228 1740 remissio·

108 1791 246 1854 numque
278 1770 398 1836 diuisa:
432 1771 487 1836 nbi
521 1773 688 1836 conventus
720 1789 755 1836 ac
788 1770 906 1836 iudicia
934 1774 1101 1854 poscerent,
1124 1773 1227 1857 gravis

109 1870 248 1935 intentus
291 1887 424 1949 sevems,
467 1869 499 1933 et
542 1869 664 1952 saepius
701 1868 889 1935 misericors:
919 1870 974 1935 ubi
1008 1870 1108 1936 officio
1152 1869 1228 1935 satis
1246 1878 1279 1933 10

107 1967 237 2048 lactum,
260 1966 349 2032 nulla
370 1967 454 2032 ultra
476 1966 638 2050 potestatis
669 1985 815 2052 persona;
844 1967 1006 2034 tristitiam
1029 1970 1061 2035 et
1082 1967 1246 2055 adrogas-¹

107 2066 187 2131 tiam
225 2068 256 2132 et
292 2065 455 2131 auaritiam
493 2066 626 2130 eruerat.
686 2084 742 2131 nee
764 2064 824 2143 illi,
846 2065 928 2148 quod
953 2067 1001 2132 est
1022 2068 1226 2148 rarissimum,

106 2165 165 2229 aut
201 2163 337 2228 facilitas
373 2162 590 2228 auctoritatem
627 2163 683 2228 aut
718 2163 865 2229 severitas
894 2183 1029 2230 amorem
1062 2164 1226 2231 deminuit.

105 2262 322 2348 integritatem
354 2263 448 2344 atque
480 2260 700 2327 abstinentiam
723 2261 756 2325 in
781 2263 868 2327 tanto
890 2262 955 2328 uiro
977 2262 1089 2329 referre
1111 2264 1227 2329 iniuria

106 2360 263 2426 virtutum
286 2359 390 2444 luerit.
435 2378 473 2423 ne
494 2359 610 2424 famam
633 2359 770 2442 quidem,
792 2361 843 2424 oui
866 2379 955 2444 saepe
977 2361 1072 2426 etiarn
1096 2361 1165 2426 boni
1184 2361 1228 2425 in·
1247 2368 1279 2424 15

104 2458 250 2544 dulgent,
272 2456 452 2523 ostentanda
485 2457 600 2522 uirtute
634 2459 689 2523 aut
720 2477 774 2541 per
806 2459 905 2523 artem
928 2457 1098 2540 quaesivit:
1120 2459 1227 2541 procul

105 2557 149 2622 ab
181 2555 388 2622 aemulatione
424 2554 569 2620 adversus
605 2555 749 2640 collegas,
771 2556 878 2638 procul
913 2575 932 2620 a
959 2555 1151 2622 contentione
1174 2555 1249 2624 adr

104 2673 216 2722 versus
248 2653 458 2738 procuratores
494 2653 526 2718 et
558 2652 678 2717 vincere
710 2652 879 2737 inglorium
901 2654 933 2718 et
955 2653 1046 2718 atteri
1069 2653 1227 2719 sordidum

104 2750 331 2818 arbitrabatur.
375 2749 479 2815 minus
515 2750 686 2816 triennium
717 2750 749 2814 in
782 2769 819 2815 ea
851 2749 1005 2835 legatione
1027 2750 1170 2817 detentus
1192 2768 1227 2815 ac

104 2850 217 2915 statim
240 2850 279 2914 ad
300 2867 386 2932 spem
409 2847 587 2913 consulatus
618 2850 777 2914 revocatus
809 2851 865 2927 est,
888 2850 1054 2914 comitante
1086 2849 1228 2932 opinione
1245 2859 1280 2914 20

104 2949 307 3014 Britanniam
339 2946 368 3013 ei
404 2946 594 3030 provinciam
630 2946 708 3028 dari,
731 2946 827 3012 nullis
849 2947 882 3013 in
916 2948 973 3013 hoc
994 2947 1060 3012 suis
1081 2947 1229 3012 sermoni-

103 3047 177 3122 bus,
215 3044 268 3110 sed
300 3045 375 3128 quia
407 3063 462 3128 par
500 3044 672 3110 videbatur.
730 3045 815 3109 haud
852 3064 972 3128 semper
1006 3047 1089 3110 errat
1131 3045 1228 3121 fama;

105 3143 277 3226 aliquando
314 3145 346 3208 et
382 3141 487 3226 elegit.
538 3143 645 3208 consul
677 3143 819 3227 egregiae
852 3144 920 3206 tum
953 3142 1018 3225 spei
1051 3141 1150 3204 filiam
1183 3142 1229 3205 iu-

104 3241 179 3308 veni
205 3240 295 3310 ‚mihi
332 3239 494 3323 despondit
525 3259 560 3305 ac
593 3240 662 3324 post
694 3240 889 3306 consulatum
923 3239 1095 3318 collocavit,
1117 3241 1149 3304 et
1170 3239 1229 3303 sta·

104 3339 168 3405 tim
205 3337 387 3404 Britanniae
422 3337 614 3422 praepositus
651 3340 707 3418 est,
744 3338 863 3404 adiecto
898 3338 1097 3422 pontificatus
1130 3355 1229 3402 sacer·
1246 3348 1281 3402 25

106 3438 128 3502 d
147 3437 204 3502 tio.

128 3457 147 3503 ⁰
301 3533 409 3588 deogrsssa
422 3547 434 3577 e
447 3533 513 3576 roras
526 3534 582 3576 1111111
595 3533 718 3586 Britnnnlap
732 3533 790 3584 'l'ile;
807 3534 882 3576 nutura
895 3534 1037 3580 dell'Ooeano.

195 3623 235 3688 X.
259 3624 440 3691 Britanniae
473 3624 568 3690 situm
601 3623 791 3708 populosque
813 3624 924 3690 multis
946 3622 1146 3708 scriptoribus
1170 3642 1230 3688 me·

106 3723 244 3790 moratos
266 3741 324 3788 non
357 3722 389 3788 in
422 3723 681 3806 comparationem
712 3740 803 3788 curae
835 3722 991 3808 ingeniive
1013 3720 1154 3800 referam,
1176 3721 1230 3786 sed
1271 3748 1275 3752 ·

107 3821 186 3903 quia
221 3822 290 3886 tum
323 3820 460 3903 primum
492 3819 663 3902 perdomita
685 3822 747 3886 est:
771 3819 817 3884 ita
842 3838 921 3902 quae
957 3818 1072 3903 priores
1094 3817 1228 3884 nondum

1 3967 2 3974 ,
107 3917 267 4001 comperta
304 3917 481 4002 eloquentia
517 3919 702 4001 percoluere,
724 3936 828 3983 rerum
862 3917 921 3982 lide
958 3917 1127 3983 tradentur.
1162 3915 1229 3980 Bri·

1 3997 2 4052 l
107 4016 228 4096 tannia,
250 4015 424 4082 insularum
447 4035 524 4099 quas
545 4016 686 4082 Romana
706 4015 818 4082 notitia
844 4014 1059 4102 complectitur
1082 4013 1228 4095 mamma,
1248 4028 1265 4082 5
