2890 4570
704 211 845 266 „30-

379 349 441 392 oncri
454 350 556 393 decretali
569 350 595 392 cd
609 350 719 403 Agarsel-3
734 362 771 394 sno
785 349 865 394 rltorno
879 351 901 393 ln
915 351 992 403 Roma
1007 352 1052 396 vito
1065 352 1165 396 modesto.

288 438 418 504 XXXX.
431 439 535 524 Igitur
545 439 750 522 triumphalia
761 441 941 505 ornamenta
952 443 985 506 et
995 439 1139 506 inlustris
1151 441 1273 508 statuae
1286 441 1336 508 ho-

215 555 319 603 norem
341 538 374 602 et
394 535 547 620 quidquid
579 554 634 620 pro
661 536 820 620 triumpho
843 537 946 617 datur,
968 538 1070 605 multo
1099 539 1261 605 verborum
1286 541 1335 606 ho·

215 653 286 700 nore
309 633 479 712 cumulata,
508 632 629 699 decerni
658 633 691 698 in
713 637 822 700 senatu
845 635 933 701 iubet
962 635 1097 719 addique
1126 637 1251 720 insuper
1274 637 1337 720 opi·

215 732 348 810 nionem,
371 730 495 797 Suriam
517 731 706 815 provinciam
730 731 893 817 Agricolae
923 732 1082 809 destinari,
1113 751 1242 800 vacuam
1266 736 1338 800 tum

181 831 313 894 5morte
335 828 428 894 Atilii
451 829 524 894 Ruti
553 829 723 895 consularis
747 832 780 895 et
800 830 971 898 maioribus
1000 833 1197 898 reservatam.
1241 832 1338 898 credi·
1429 809 1430 830 ³

215 928 285 994 dere
316 927 456 1011 plerique
488 927 637 993 libertum
670 947 705 993 er
738 928 954 994 secretioribus
989 929 1173 994 ministeriis
1204 929 1339 994 missurn

216 1026 255 1092 ad
287 1025 465 1112 Agricolam
503 1024 670 1104 codicillos,
703 1026 817 1109 quibus
850 1026 877 1092 ei
915 1025 1007 1092 Suria
1041 1026 1184 1106 dabatur,
1215 1025 1338 1103 tulisse,
1430 1052 1431 1056 ¹

216 1142 287 1190 cum
310 1126 470 1209 pmecepto
492 1125 537 1199 ut,
560 1125 586 1188 si
609 1124 642 1188 in
664 1124 828 1189 Britannia
850 1124 939 1203 foret,
961 1123 1172 1202 traderentnr;
1202 1143 1340 1208 eumque

215 1222 365 1288 libertum
398 1223 431 1287 in
457 1223 524 1306 ipso
550 1221 628 1287 freto
654 1221 769 1286 Oceani
802 1221 928 1287 obvium
958 1221 1132 1308 Agricolae,
1165 1242 1203 1288 ne
1235 1222 1340 1308 appel·

167 1327 200 1380 10
216 1322 281 1386 lato
307 1319 433 1402 quidem
455 1338 491 1385 eo
516 1318 555 1384 ad
584 1319 800 1385 Domitianum
829 1339 990 1399 remeasse,
1020 1321 1084 1386 sive
1112 1340 1220 1386 verum
1240 1319 1340 1396 istud,

218 1419 282 1492 sive
304 1437 340 1483 en
360 1416 484 1503 ingenio
514 1417 664 1501 principis
686 1417 793 1483 fictum
818 1437 853 1483 ac
876 1418 1082 1502 compositum
1104 1419 1160 1484 est.
1205 1418 1340 1484 tradide-

218 1518 267 1583 rat
291 1515 418 1581 interim
441 1514 588 1601 Agricola
615 1516 780 1581 successori
814 1534 869 1582 suo
901 1515 1092 1599 provinciam
1126 1516 1266 1598 quietam
1294 1518 1342 1582 tu·

217 1617 354 1698 tamque.
399 1633 434 1680 ac
463 1633 501 1679 ne
530 1612 677 1680 notabilis
710 1612 889 1680 celebritate
916 1616 947 1679 et
975 1613 1150 1696 frequentia
1183 1631 1342 1680 occurmn·

217 1713 299 1779 tium
321 1713 468 1779 introitus
489 1714 578 1791 esset,
600 1712 698 1778 vitato
727 1712 896 1777 amicorum
919 1711 1020 1776 officio
1049 1713 1141 1777 noctu
1164 1711 1197 1776 in
1219 1712 1342 1791 urbem,

168 1819 201 1873 15
218 1814 309 1879 noctu
332 1812 365 1876 in
381 1811 550 1887 Palatium,
573 1812 618 1876 ita
634 1812 670 1876 ut
691 1811 889 1895 praeceptum
912 1813 988 1887 erat,
1011 1810 1112 1895 venit;
1136 1811 1343 1895 exceptusque

218 1910 303 1976 brevi
329 1909 432 1974 osculo
458 1910 489 1974 et
523 1908 610 1974 nullo
643 1926 780 1974 sermone
813 1909 922 1973 turbae
955 1908 1156 1974 servientium
1190 1908 1344 1975 inmixtus

219 2009 274 2074 est.
318 2007 455 2073 ceterum
483 2007 531 2072 uti
561 2006 698 2071 militare
732 2025 851 2082 nomen,
879 2025 972 2091 grave
1005 2006 1087 2072 inter
1120 2006 1242 2084 otiosos,
1269 2007 1344 2073 aliis
1432 2049 1433 2086 ,

220 2104 390 2171 virtutibus
425 2107 619 2188 temperaret,
656 2103 919 2186 tranquillitatem
952 2105 1046 2187 atque
1082 2104 1184 2169 otium
1216 2105 1344 2187 penitus

219 2203 335 2281 hausit,
362 2202 451 2267 cultu
481 2202 628 2278 modicus,
658 2220 796 2267 sermone
825 2201 938 2282 facilis,
972 2221 1034 2268 nno
1058 2201 1115 2266 aut
1143 2202 1242 2267 altero
1267 2203 1344 2267 ami·

169 2309 203 2362 20
220 2319 324 2367 corum
348 2300 524 2380 comitatus,
547 2299 621 2365 adeo
642 2300 691 2365 uti
713 2300 864 2383 plerique,
891 2299 1006 2383 quibus
1036 2317 1162 2384 magnos
1184 2299 1266 2364 viros
1290 2319 1345 2384 per
1433 2347 1434 2350 ,

220 2399 421 2465 ambitionem
465 2399 628 2463 aestimare
664 2417 730 2462 mos
767 2401 830 2476 est,
867 2398 932 2462 viso
968 2399 1151 2482 aspectoque
1195 2396 1346 2480 Agricola
1433 2391 1434 2394 ’

222 2500 403 2581 quaererent
424 2497 550 2576 famam,
568 2496 659 2581 pauci
682 2497 968 2579 interpretarentur.

222 2659 312 2702 Discorsl
324 2658 420 2701 benevoli
433 2658 458 2700 ed
472 2659 529 2701 oetlli
543 2659 627 2701 intorno
641 2659 667 2700 cd
681 2658 784 2710 Agricola.
806 2658 835 2700 he
848 2657 946 2700 scondtte
964 2656 1020 2709 degli
1040 2657 1124 2699 asereill
1138 2656 1217 2699 romani
1230 2656 1254 2698 ln
1268 2657 1346 2706 Alesia,

248 2731 320 2780 Dacia,
335 2729 445 2771 Germania
459 2741 470 2770 e
484 2730 592 2772 Pannonis
606 2741 617 2771 e
631 2730 646 2771 il
661 2729 762 2771 desiderio
776 2741 862 2771 comune
876 2729 915 2770 che
928 2727 1025 2781 Agricola
1038 2727 1069 2770 sie
1082 2728 1137 2770 lello
1151 2727 1318 2781 generalissimo.

650 2800 724 2842 hirone
738 2799 759 2842 dl
773 2800 902 2842 Domlalanc.

307 2900 454 2966 XXXXI.
478 2899 590 2967 Crebro
605 2919 658 2984 per
678 2919 727 2965 eos
750 2900 815 2966 dies
837 2900 919 2984 apud
937 2899 1150 2965 Domitianum
1174 2901 1282 2966 absens
1299 2918 1348 2964 ac·

223 3001 358 3078 ansatus,
391 3001 500 3066 absens
539 2998 699 3064 absolutus
736 3001 792 3063 ast.
836 3017 928 3064 causa
961 2997 1092 3081 periculi
1130 3017 1188 3064 non
1226 2997 1347 3063 crimen

223 3097 324 3164 ullum
355 3101 410 3164 aut
436 3097 561 3182 querela
588 3096 666 3162 laesi
693 3096 888 3178 cuiusquam,
921 3095 974 3161 sed
1002 3094 1141 3163 infensus
1173 3094 1349 3161 virtutibus

222 3198 363 3282 princeps
389 3199 421 3262 ct
445 3197 546 3282 gloria
572 3196 631 3261 viri
664 3214 699 3260 ac
727 3195 895 3278 pessimum
922 3194 1121 3260 inimicorum
1149 3213 1256 3280 genus,
1279 3194 1348 3259 lau-

189 3295 339 3364 5dantes.
373 3296 405 3359 et
426 3312 462 3359 ea
484 3295 624 3359 insecuta
645 3293 719 3357 sunt
744 3292 788 3357 rei
811 3291 955 3375 publicae
978 3293 1126 3375 tempom,
1156 3311 1234 3374 qnae
1257 3290 1348 3356 sileri

223 3391 402 3476 Agricolam
431 3411 488 3457 non
512 3392 661 3456 sinerent:
690 3391 737 3456 tot
759 3389 910 3456 exercitus
932 3390 964 3454 in
986 3390 1103 3455 Moesia
1132 3390 1294 3471 Daciaque
1314 3390 1349 3455 et

225 3489 391 3556 Germania
417 3492 448 3556 at
474 3489 632 3555 Pannonia
664 3490 841 3554 temeritate
874 3491 929 3552 aut
958 3508 1013 3572 per
1041 3488 1200 3574 ignaviam
1229 3485 1347 3552 ducum

224 3587 340 3666 amissi,
362 3590 409 3653 tot
432 3588 584 3652 militares
605 3587 665 3652 viri
687 3606 759 3652 cum
781 3588 828 3652 tot
849 3587 1026 3652 cohortibus
1055 3584 1222 3672 expugnati
1245 3586 1277 3650 et
1298 3603 1347 3649 ca-

224 3686 285 3770 pti;
307 3704 362 3751 nec
384 3685 448 3750 iam
470 3685 507 3750 de
521 3686 624 3751 limite
645 3685 769 3769 imperii
793 3687 824 3751 et
846 3685 923 3769 ripa,
953 3683 1006 3750 sed
1029 3685 1066 3750 de
1089 3685 1228 3750 hibernis
1250 3682 1346 3768 legio-

174 3802 207 3856 10
225 3803 299 3850 num
321 3787 354 3848 et
379 3784 564 3866 possessione
594 3783 782 3848 dubitatum.
827 3782 873 3846 ita
894 3801 966 3848 cum
993 3781 1107 3847 damna
1133 3780 1254 3870 damnis
1279 3799 1348 3846 con-

224 3883 420 3948 tinuarentur
452 3882 545 3964 atque
573 3881 672 3947 omnis
699 3899 797 3946 annus
819 3880 979 3946 funeribus
1001 3883 1032 3946 et
1054 3879 1196 3946 cladibus
1218 3877 1346 3963 insigni·

225 3983 326 4059 retur,
370 3979 552 4064 poscebatur
588 3997 639 4044 ore
675 3978 762 4063 uulgi
799 3977 860 4042 dur
896 3977 1059 4063 Agricola,
1095 3974 1347 4062 comparantibus
