2890 4570
598 227 738 282 ..11-

114 371 220 454 ipsum
254 387 378 433 narrare
414 385 446 432 11
481 367 582 451 prima
616 367 650 432 in
686 367 812 434 iuventa
847 369 987 435 studium
1020 370 1231 455 philosophiae

116 468 227 546 acrius,
249 467 335 532 ultre
367 484 461 549 qnam
483 485 660 532 concessum
693 467 831 532 Romano
853 485 889 532 ac
918 469 1060 548 senatori,
1084 469 1231 549 hausisse,
1252 496 1285 552 15

114 566 147 630 ni
169 564 336 649 prudentia
358 563 467 629 matris
488 563 648 630 incensum
670 583 706 630 ac
727 563 910 650 flagrantem
926 565 1067 630 animum
1086 567 1233 632 coercuis-

114 665 170 730 set.
215 662 337 730 scilicet
357 661 491 728 sublime
513 664 545 728 et
567 663 703 728 erectum
725 662 887 748 ingenium
908 663 1174 746 pulchritudinem
1197 683 1259 758 11ι

112 762 248 846 speciem
270 777 401 846 magnae
422 759 619 843 excelsaeque
640 759 756 846 gloriae
790 760 1003 827 vehementius
1025 781 1120 845 quam
1142 765 1232 830 caute

111 849 288 942 adpetebat.
333 878 400 925 mor
435 858 597 945 mitigavit
628 858 708 924 ratio
744 859 777 923 et
808 859 902 938 aetas,
925 859 1127 944 retinuitque,
1150 861 1232 944 quod

111 959 161 1022 est
181 955 419 1034 difficillimum,
441 976 477 1022 ex
498 956 651 1040 sapientia
667 957 803 1024 modum.
875 1015 879 1020 .
1251 993 1286 1048 20

185 1122 289 1176 Principio
301 1106 357 1166 delle
370 1123 460 1166 certiora
473 1123 564 1166 militare
577 1123 599 1165 di
613 1123 709 1176 Agricola
722 1124 779 1166 sotto
793 1124 892 1167 Suetonio
906 1123 993 1166 Prolino
1007 1124 1030 1165 lu
1044 1124 1162 1166 Britannia.

201 1211 239 1278 V.
261 1211 369 1277 Prima
384 1213 554 1279 castrorum
569 1211 747 1278 rudimenta
764 1213 798 1277 in
813 1213 977 1278 Britannia
993 1211 1138 1278 Suetonio
1155 1213 1233 1279 Pau-

113 1312 193 1389 lino,
215 1309 354 1395 diligenti
389 1329 425 1376 ac
461 1310 617 1376 moderato
652 1310 735 1391 duci,
767 1310 958 1395 adprobavit,
988 1310 1104 1376 electus
1140 1330 1232 1394 quem

116 1409 313 1476 contubernio
345 1410 534 1476 aestimaret.
590 1429 644 1476 nec
676 1410 823 1497 Agricola
856 1410 996 1490 licenter,
1030 1429 1113 1476 more
1148 1410 1233 1477 iuve-

115 1526 202 1584 num,
225 1507 279 1590 qni
301 1507 450 1573 militiam
473 1508 506 1574 in
527 1508 688 1574 lasciviam
709 1508 844 1587 vertunt,
867 1527 965 1590 neque
981 1507 1116 1592 segniter
1131 1508 1170 1573 ad
1186 1527 1234 1574 vo·

113 1605 252 1689 luptates
273 1607 304 1670 et
320 1607 510 1672 commeatus
525 1605 655 1671 titulum
672 1606 851 1671 tribunatus
872 1608 904 1670 et
919 1604 1075 1670 inscitiam
1091 1605 1233 1671 rettulit:
1251 1617 1269 1668 5

114 1704 169 1770 sed
201 1721 322 1769 noscere
353 1703 554 1787 provinciam,
588 1703 671 1770 nosci
707 1703 868 1784 exercitui,
904 1702 1021 1768 discere
1059 1721 1077 1766 a
1113 1703 1233 1786 peritis,

117 1800 204 1883 sequi
225 1801 366 1885 optimos,
389 1801 470 1866 nibil
503 1801 646 1885 adpetere
678 1800 711 1865 in
736 1801 945 1879 iactationem,
968 1799 1048 1865 nihil
1071 1799 1108 1865 ob
1131 1799 1234 1865 formi-

117 1898 220 1964 dinem
249 1919 388 1965 reousare
421 1900 578 1984 simulque
611 1902 643 1966 et
675 1901 784 1966 anxius
806 1903 838 1966 et
858 1899 997 1965 intentus
1030 1918 1130 1984 egere.
1174 1917 1233 1964 non

115 2016 188 2063 sane
221 1996 299 2062 alias
331 1997 526 2063 exercitatior
557 1997 717 2084 magisque
740 1998 773 2062 in
796 1997 943 2083 ambiguo
969 1996 1134 2062 Britannia
1155 1996 1233 2062 fuit:

115 2094 264 2161 trucidati
299 2096 458 2175 veterani,
494 2095 636 2162 incensae
672 2096 829 2174 coloniae,
864 2095 1028 2180 intercepti
1065 2095 1233 2171 1111111111
1254 2108 1287 2162 11

114 2195 183 2258 tum
206 2194 244 2259 de
267 2193 467 2274 salutamen
500 2193 537 2258 de
571 2194 700 2260 victoria
732 2196 895 2260 certavere.
940 2213 1019 2277 quae
1041 2195 1153 2260 cuncta
1174 2194 1233 2260 etsi

114 2291 253 2359 consiliis
276 2291 432 2375 ductuque
454 2292 583 2359 alterins
605 2292 785 2378 agebantur,
808 2312 844 2358 ac
866 2310 989 2358 summa
1011 2311 1113 2358 rerum
1137 2294 1170 2357 et
1190 2311 1234 2358 re·

114 2389 269 2473 ciperatae
290 2389 464 2472 provinciae
486 2389 586 2474 gloria
607 2389 640 2453 in
663 2389 772 2455 duoetu
788 2390 890 2466 cessit,
913 2391 1010 2454 artem
1034 2391 1179 2454 ebusum
1202 2392 1234 2455 et

113 2487 260 2554 stimulos
293 2487 436 2553 addidere
468 2487 583 2567 iuveni,
606 2487 796 2570 intravitque
829 2487 969 2552 animum
997 2486 1145 2551 militaris
1166 2487 1234 2572 glo·

112 2586 180 2651 riae
202 2585 323 2670 cupido,
345 2585 469 2670 ingrata
490 2586 689 2670 temporibus,
712 2586 826 2667 quibus
858 2585 984 2649 sinistra
1006 2603 1079 2670 erga
1100 2584 1234 2651 1111111111-
1254 2601 1286 2656 15

112 2687 162 2749 tes
184 2683 397 2767 interpretatio
419 2701 474 2748 nec
496 2683 600 2749 minus
621 2682 795 2768 periculum
829 2700 863 2747 er
897 2701 1011 2768 magna
1032 2681 1117 2747 fama
1138 2703 1234 2766 quam

112 2803 150 2849 er
173 2781 269 2847 neela.
879 2816 883 2824 ·

189 2931 277 2974 Ritorno
288 2930 313 2972 in
326 2931 402 2981 Romu
417 2929 560 2982 mutrimoni03
575 2931 674 2983 questura
687 2929 771 2982 d'daier
786 2930 894 2973 tribunato
908 2930 964 2973 della
977 2930 1049 2983 plebes
1063 2930 1157 2983 protare.

200 3019 255 3085 Vl.
274 3019 357 3084 Hinc
379 3019 418 3084 ad
441 3019 638 3102 capessendos
659 3019 863 3104 magistratus
885 3019 918 3082 in
947 3019 1054 3085 urbem
1078 3018 1233 3104 digressus

111 3118 288 3184 Domitiam
310 3116 522 3198 Decidianam,
545 3117 714 3201 splendidis
736 3116 893 3182 natalibus
915 3118 1024 3195 ortam,
1039 3116 1099 3180 sibi
1115 3117 1233 3193 iunxit3

109 3217 209 3300 idque
232 3216 466 3281 matrimonium
499 3215 538 3281 ad
571 3215 688 3282 maiora
716 3214 829 3280 nitenti
862 3213 956 3279 decus
978 3232 1014 3279 ac
1036 3214 1128 3279 robur
1160 3211 1246 3278 fuit..

110 3315 318 3397 vixeruntque
350 3314 431 3379 mira
459 3313 628 3393 concordia,
650 3333 704 3398 per
724 3314 869 3379 mutuam
898 3312 1061 3378 caritatem
1083 3312 1114 3376 et
1135 3311 1168 3376 in
1191 3312 1233 3377 vi·

110 3431 181 3478 cem
214 3431 246 3478 se
278 3412 497 3496 anteponendo,
518 3411 580 3477 nisi
613 3412 694 3495 qnod
726 3411 759 3476 in
791 3411 872 3478 bona
904 3429 1000 3476 uxore
1026 3410 1112 3475 tanto
1134 3409 1268 3475 maior5

110 3512 194 3589 laus,
217 3513 333 3593 quanto
354 3511 387 3575 in
419 3510 503 3575 mala
535 3510 606 3594 plus
639 3511 748 3594 culpae
770 3512 825 3575 111
877 3528 941 3574 1111
962 3509 1145 3592 quaesturae
1167 3527 1233 3590 pro·

111 3607 249 3674 vinciam
272 3609 390 3688 Asiam,
412 3629 467 3692 pro
489 3608 613 3675 consule
635 3607 775 3674 Salvium
799 3607 962 3672 Titianum
984 3605 1080 3683 dedit,
1100 3623 1231 3687 quorum

112 3710 224 3772 neutro
245 3708 408 3790 corruptus
429 3708 484 3783 est,
507 3725 698 3790 quamquam
719 3710 750 3772 et
770 3706 928 3790 provincia
960 3705 1045 3770 dives
1066 3721 1102 3768 ac
1124 3703 1232 3786 parata

112 3805 324 3890 peccantibus,
346 3805 378 3870 et
399 3824 452 3889 pro
474 3805 598 3872 consule
620 3806 653 3870 in
674 3823 795 3870 omnem
813 3803 994 3869 aviditatem
1010 3820 1123 3885 pronus
1139 3819 1231 3882 quan·

112 3906 226 3972 talibet
258 3902 410 3969 facilitate
439 3904 655 3987 redempturus
677 3905 757 3968 esset
786 3904 927 3967 mutuam
950 3898 1228 3965 dissimulationem
1252 3907 1284 3958 11

112 4004 199 4068 mali.
244 4005 355 4068 auctus
377 4003 425 4068 est
445 4001 490 4066 ibi
524 4001 600 4082 tilia,
623 4002 656 4067 in
689 3999 864 4067 subsidium
893 3999 989 4064 simul
1011 3998 1043 4063 et
1063 3995 1231 4070 solacium;
