2890 4570
708 197 851 255 -ω,

221 341 327 426 cipum
349 360 446 422 erma,
468 360 504 407 ac
525 340 618 426 longa
640 339 753 406 oblivio
782 337 962 406 Britanniae
984 338 1080 406 etiam
1101 337 1135 404 iu
1156 357 1247 424 pace:
1272 359 1347 406 con·

221 439 329 507 silium
351 439 385 504 id
407 438 496 505 dirus
518 439 680 524 Augustus
701 437 839 516 vocabat,
861 436 1006 504 'liberius
1020 437 1228 521 praeceptum.
1271 438 1343 524 agi·

171 551 205 606 to
221 539 302 605 tasse
335 536 449 604 Gaium
483 535 644 603 Gaesarem
666 535 703 601 de
730 534 874 600 intranda
906 533 1070 602 Britannia
1103 533 1179 601 setis
1204 537 1345 617 constat,

221 635 254 702 ni
288 635 373 702 velox
410 635 535 722 ingenio
570 633 679 700 mobili
714 632 932 718 paenitentiae,
954 635 986 700 ct
1018 633 1160 718 ingentes
1192 633 1345 700 adversus

222 732 419 800 Germaniam
453 734 581 800 conatus
613 731 727 798 frustra
758 731 899 798 fuissent.
947 731 1038 796 divus
1060 730 1210 797 Claudius
1232 731 1347 797 auctor

222 831 327 898 iterati
360 830 468 916 operis,
494 829 676 896 transvectis
711 829 885 915 legionibus
923 828 1109 912 auxiliisque
1146 829 1177 894 et
1213 827 1344 894 adsum-

221 931 274 1018 pto
295 929 328 994 in
350 931 469 1013 partem
491 947 594 994 rerum
617 926 814 1012 Vespasiano,
838 926 919 1010 quod
948 925 1076 992 initium
1099 928 1246 994 uenturae
1268 945 1344 993 mox

173 1043 205 1098 15
222 1029 361 1097 fortunae
394 1026 470 1093 luit:
504 1024 638 1094 domitae
671 1026 787 1111 gentes,
809 1023 891 1108 capti
925 1026 1064 1111 regesct
1087 1023 1312 1093 monstratust
1334 1065 1344 1076 ·

222 1127 264 1194 tis
285 1125 502 1211 Vespasianus.

342 1243 477 1290 (ioremetorl
492 1243 548 1286 delle
561 1241 684 1286 Britannia:
698 1241 752 1285 Aulo
765 1241 858 1291 Plancio,
872 1241 953 1284 Osterio
967 1242 1064 1294 Scapula,
1077 1241 1139 1286 Dldlo
1150 1241 1223 1293 (tello,

620 1312 718 1364 Veranio,
733 1311 831 1355 Suetonio
844 1311 937 1355 Paollno.

308 1403 392 1470 XIV.
416 1401 630 1470 Consularium
659 1400 778 1484 primus
799 1399 901 1466 Aulus
924 1400 1069 1466 Plautius
1090 1401 1281 1485 praepositus
1304 1421 1343 1468 ae

223 1504 352 1570 subinde
386 1501 526 1568 Ostorius
560 1499 703 1584 Scapula,
738 1500 867 1582 uterque
901 1498 982 1564 bello
1015 1497 1170 1584 egregius:
1201 1498 1343 1565 redacta-

223 1622 282 1690 que
303 1600 456 1687 paulatim
479 1599 511 1664 in
534 1597 663 1666 formam
686 1596 859 1682 prouinciae
881 1597 1019 1682 proxime
1046 1615 1117 1680 pars
1139 1595 1343 1684 Britanniae;

222 1699 328 1767 addita
360 1699 486 1783 insuper
518 1698 732 1764 ueteranorum
765 1693 892 1761 colonia.
947 1693 1098 1778 quaedam
1121 1693 1263 1761 civitates
1286 1694 1342 1762 Oo-

187 1797 371 1886 5gidumno
393 1797 457 1882 regi
481 1794 610 1862 donatae
632 1795 672 1875 (is
705 1793 744 1858 ad
773 1794 908 1859 nostram
932 1811 1028 1876 usque
1050 1794 1230 1858 memoriam
1254 1793 1342 1859 fidis-

223 1898 321 1964 simus
343 1894 481 1976 mansit),
504 1894 604 1959 vetere
638 1911 673 1957 ac
705 1889 911 1974 iampridem
934 1891 1056 1974 recepta
1077 1891 1184 1975 populi
1205 1891 1341 1957 Romani

223 1992 453 2072 consuetudine,
491 1992 527 2056 ut
562 1990 689 2055 haberet
728 1989 934 2054 instmmenta
977 1989 1136 2054 servitutis
1179 1991 1211 2054 et
1241 2009 1341 2076 reges.

223 2110 292 2158 mor
315 2088 427 2156 Didius
450 2087 561 2154 Gallus
583 2091 671 2172 parta
691 2105 709 2152 a
731 2085 884 2170 prioribus
917 2086 1080 2165 continuit,
1103 2086 1210 2172 paucis
1238 2087 1342 2155 admo-

223 2189 298 2256 dum
320 2187 457 2255 castellis
479 2187 510 2251 in
534 2185 682 2252 ulteriora
715 2185 871 2269 promotis,
893 2204 947 2268 per
969 2204 1048 2270 quae
1080 2184 1163 2251 fama
1189 2185 1273 2252 aucti
1296 2186 1341 2251 of·

173 2301 206 2356 10
224 2288 286 2355 ficii
310 2287 516 2370 quaereretur.
563 2283 692 2349 Didium
719 2282 872 2348 Veranius
904 2281 1031 2365 excepit,
1053 2282 1141 2366 isque
1174 2282 1256 2348 intra
1289 2302 1341 2349 an·

223 2405 298 2455 num
321 2385 474 2453 extinctus
496 2384 552 2450 est.
576 2379 740 2448 Suetonius
762 2379 834 2445 binc
858 2379 1010 2448 Paulinus
1032 2380 1155 2446 biennio
1181 2399 1341 2466 prosperas

223 2506 271 2554 res
306 2484 427 2564 babuit,
460 2481 597 2549 subactis
629 2479 806 2546 nationibus
839 2477 1032 2562 firmatisque
1062 2477 1241 2561 praesidiis3
1265 2498 1341 2563 quo-

222 2604 292 2651 rum
315 2582 429 2649 fiducia
451 2581 575 2647 Monam
596 2579 732 2645 insulam
755 2578 791 2643 ut
813 2575 892 2644 vires
914 2576 1083 2642 rebellibus
1109 2577 1339 2644 ministrantem

223 2681 385 2768 adgressus
406 2681 494 2765 terga
516 2677 666 2744 occasioni
689 2675 843 2761 patefecit.

455 2797 574 2852 bgitnrlonl
587 2796 620 2840 dol
634 2795 730 2838 Brltannl
744 2795 817 2838 contro
830 2795 852 2836 le
864 2793 1006 2837 dominacione
1019 2805 1111 2836 romana.

309 2887 377 2954 XV.
394 2885 535 2970 Namque
551 2883 690 2950 absentia
707 2881 804 2968 legati
820 2885 936 2948 remoto
952 2883 1037 2947 metu
1052 2881 1196 2948 Britanni
1219 2883 1341 2970 agitare

224 2990 305 3056 inter
340 3006 372 3053 se
405 2983 489 3050 mala
521 2981 689 3059 seruitutis,
713 2980 847 3046 conferre
878 2979 1008 3045 iniurias
1044 2981 1076 3046 et
1110 2980 1342 3064 interpretando

224 3085 403 3156 accendere:
437 3082 518 3148 nibil
552 3079 657 3166 profici
691 3078 842 3164 patientia
865 3077 923 3143 nisi
946 3080 983 3143 ut
1003 3077 1145 3163 grauiora
1178 3081 1341 3163 tamquam
1439 3153 1440 3166 χ

224 3207 259 3254 ex
291 3183 376 3250 facili
411 3179 615 3248 tolerantibus
647 3177 845 3262 imperentur.
901 3175 1039 3260 singulos
1072 3175 1131 3242 sibi
1154 3176 1230 3242 olim
1253 3197 1342 3264 reges
1439 3195 1440 3264 ξ

189 3285 328 3362 5fuisse,
351 3299 432 3347 nrrnc
465 3279 552 3345 binos
585 3275 751 3360 imponis
785 3274 899 3358 quibus
930 3273 1052 3358 legatus
1085 3273 1117 3338 in
1146 3274 1341 3359 sanguinem,
1439 3323 1440 3344 ,

224 3381 401 3467 procurator
433 3377 466 3443 in
498 3377 577 3442 bona
609 3373 749 3440 saeviret.
807 3390 903 3456 aeque
936 3369 1120 3436 discordiam
1157 3373 1343 3457 praeposito·
1439 3351 1440 3398 ³

223 3498 304 3556 rum,
326 3495 422 3561 aeque
445 3473 636 3542 concordiam
666 3469 813 3536 subiectis
843 3469 1012 3536 exitiosam.
1060 3468 1190 3534 alterius
1213 3487 1340 3536 manum

224 3575 425 3654 centuriones,
448 3571 577 3638 alterius
613 3588 713 3637 seruos
736 3569 799 3634 vim
826 3571 857 3633 et
886 3565 1089 3632 contumelias
1114 3567 1251 3632 miscere.
1297 3569 1342 3632 ni·

224 3673 270 3741 hil
294 3673 356 3738 iam
379 3669 555 3756 cupiditati,
578 3668 657 3734 nihil
680 3666 804 3733 libidini
828 3667 998 3749 exceptum.
1048 3663 1080 3728 in
1102 3663 1216 3747 proelio
1239 3665 1343 3732 lontio·

174 3779 207 3835 10
224 3791 288 3838 rem
312 3790 375 3836 esse
398 3769 452 3853 qui
474 3767 600 3852 spoliet:
624 3783 705 3830 nunc
739 3765 778 3830 ab
806 3763 927 3850 ignavis
949 3761 1131 3846 plerumque
1153 3763 1185 3826 et
1207 3761 1341 3827 imbelli·

224 3873 282 3938 bus
303 3868 381 3954 eripi
404 3867 519 3945 domos,
541 3864 677 3932 abstrahi
712 3863 835 3938 liberos,
856 3860 978 3946 iniungi
1012 3858 1155 3940 dilectus,
1178 3860 1340 3943 tamqnam

224 3968 303 4037 mori
325 3969 447 4036 tantum
469 3983 525 4051 pro
545 3962 647 4052 patria
668 3959 884 4028 nescientibus.
929 3957 1117 4044 quantulum
1138 3956 1222 4024 enim
1244 3957 1341 4026 trans·
