2938 4558
609 221 752 276 ..33-

365 366 470 409 Continuo
482 364 622 418 l'urqomauto
635 363 690 406 della
703 361 810 406 tirannide
823 361 844 405 dl
858 360 987 406 Domiaiauo.

116 441 192 486 Tacito
205 441 292 492 septime
305 438 322 479 il
335 437 404 480 dolore
417 447 454 479 auo
467 449 479 478 e
493 435 549 479 della
562 434 637 488 meglio
651 434 673 476 dl
685 446 728 477 non
737 445 805 476 assera
814 433 866 475 atati
875 433 968 486 presenti
978 433 1020 474 nlla
1028 434 1094 476 morte
1103 433 1126 475 di
1133 433 1239 488 Agricola.

194 542 353 610 XXXXV.
365 541 433 608 Non
445 540 526 607 vidit
535 539 681 626 Agricola
693 540 846 606 obsessam
861 539 980 604 curiam
992 535 1024 603 et
1037 539 1179 604 clausum
1195 559 1240 606 ar·

119 647 179 711 mis
201 645 342 709 senatum
365 644 397 709 et
417 641 523 707 eadem
554 640 655 726 strage
677 641 723 705 tot
748 638 957 704 consularium
980 637 1097 718 caedes,
1120 639 1166 705 tot
1190 659 1239 706 no

117 743 343 809 bilissimarum
373 739 558 805 feminarum
588 737 681 803 exilia
703 739 734 802 et
756 737 855 822 fugas.
899 755 961 801 una
983 736 1085 802 adhuc
1112 737 1240 804 victoria

117 841 215 907 Carus
242 838 359 904 Metius
387 837 579 916 censebatur,
605 837 637 901 ct
662 835 745 900 intra
770 834 925 900 Albanam
955 853 1056 901 arcam
1086 837 1239 902 sententia

116 937 279 1005 Messalini
308 937 473 1020 strepebat,
503 937 536 1000 et
563 934 667 999 Massa
688 932 823 998 Baebius
847 932 943 1020 [iam]
967 936 1035 1000 tum
1058 953 1129 999 reus
1158 937 1275 1006 eratzo

117 1057 185 1104 mox
209 1038 329 1102 nostrae
351 1033 466 1100 duxere
484 1032 668 1099 Helvidium
690 1033 723 1097 in
745 1050 897 1097 eaucerem
921 1050 1046 1117 manus;
1076 1050 1131 1098 nos
1152 1033 1239 1098 Mau·

117 1137 174 1203 rici
197 1135 382 1217 Rusticique
410 1133 506 1211 risus,
532 1151 586 1198 nos
612 1131 767 1197 innocenti
801 1131 951 1215 sanguine
984 1129 1110 1196 Senecio
1138 1131 1238 1215 perf·

117 1235 175 1298 dit.
218 1231 299 1298 Nero
320 1234 424 1297 tamen
446 1229 602 1296 subtraxit
629 1229 734 1296 oculos
756 1247 826 1294 suos
848 1229 1002 1312 iussitque
1031 1229 1156 1309 scelera,
1179 1248 1237 1295 non

118 1331 284 1415 spectarit:
307 1329 473 1414 praecipua
501 1329 559 1394 sub
581 1327 761 1394 Domitiano
782 1327 977 1394 miseriarum
1001 1347 1071 1411 pars
1100 1331 1166 1393 erat
1192 1329 1239 1393 vi·

120 1430 191 1495 dere
216 1430 247 1493 et
267 1429 374 1512 aspici,
403 1446 475 1493 cum
497 1427 632 1510 suspiria
661 1428 764 1492 nostra
791 1426 1066 1506 subscriberemus,
1095 1446 1167 1492 cum
1190 1428 1291 1501 de-10

117 1525 259 1594 notandis
281 1528 328 1591 tot
348 1525 509 1591 hominum
539 1525 710 1609 palloribus
740 1523 894 1590 sufficeret
923 1543 1031 1590 saeuus
1053 1525 1108 1590 ille
1131 1527 1239 1591 vultus

115 1627 148 1694 et
169 1626 273 1705 rubor,
296 1643 356 1708 quo
378 1643 409 1690 se
429 1625 535 1690 contra
556 1622 704 1707 pudorem
726 1622 896 1689 muniebat.

201 1723 251 1788 Tu
273 1739 344 1788 vero
365 1721 449 1800 felix,
471 1721 628 1806 Agricola,
658 1739 716 1786 uon
740 1720 822 1786 ritae
851 1721 974 1786 tanturn
1004 1720 1157 1801 claritate,
1184 1721 1237 1788 sed

118 1821 212 1888 etiam
235 1820 464 1905 opportunitate
488 1819 604 1885 mortis.
628 1822 665 1885 ut
686 1819 849 1903 perbibent
874 1819 928 1902 qui
958 1819 1167 1886 interfuerunt
1187 1838 1237 1886 no·
1336 1821 1339 1826 '

116 1919 253 1986 vissimis
282 1917 472 1985 sermonibus
502 1918 575 1997 tuis,
602 1919 743 1984 constans
769 1919 801 1984 et
827 1917 927 1984 libens
953 1918 1053 1984 tatum
1081 1919 1237 2003 excepisti,
1257 1941 1290 1996 15

116 2023 279 2103 tamquam
316 2037 371 2102 pro
402 2018 488 2085 uirili
522 2017 658 2102 portione
691 2017 898 2084 innocentiam
934 2017 1067 2102 principi
1099 2017 1236 2086 donares.

117 2117 171 2184 sed
198 2117 277 2182 mihi
304 2117 449 2200 filiaeque
482 2116 549 2182 eius
582 2117 702 2200 praeter
735 2115 937 2182 acerbitatem
969 2116 1107 2200 parentis
1139 2119 1236 2201 erepti
1273 2139 1275 2144 ¹

116 2216 212 2302 auget
241 2215 442 2295 maestitiam,
475 2214 556 2298 quod
583 2213 721 2281 adsidere
750 2213 932 2293 valetudini,
966 2215 1065 2282 lovere
1098 2214 1238 2282 deiicien-

115 2317 191 2395 tem,
221 2314 329 2380 satiari
361 2313 453 2380 uultu
482 2313 704 2397 complexuque
737 2331 796 2379 non
828 2313 970 2398 contigit.
1014 2314 1238 2397 excepissemus

115 2417 198 2480 carte
224 2412 371 2478 mandata
400 2432 558 2496 vocesque,
581 2431 658 2495 quas
684 2413 808 2497 penitus
836 2412 940 2477 animo
968 2412 1143 2497 figuremus.
1187 2431 1237 2478 no·
1254 2438 1289 2490 20

116 2513 179 2577 ster
207 2511 259 2578 hio
286 2512 381 2590 dolor,
408 2512 547 2577 nostrum
574 2510 696 2590 uulnus,
731 2510 818 2576 nobis
843 2513 909 2577 tam
937 2511 1045 2595 longae
1079 2510 1236 2576 absentiae

116 2610 292 2676 condicione
315 2611 386 2675 ante
408 2608 647 2693 quadriennium
670 2609 803 2674 amissus
825 2609 880 2677 est.
925 2609 1029 2674 omnia
1050 2608 1116 2675 sino
1131 2608 1236 2689 dubio,

115 2709 231 2792 optime
267 2711 440 2793 parentum,
478 2706 635 2773 adsidente
679 2707 894 2772 amantissima
930 2726 1022 2773 uxore
1059 2707 1235 2792 superfuere

113 2807 223 2873 honori
256 2808 324 2873 tuo:
357 2805 555 2890 paucioribus
588 2809 691 2871 tamen
724 2805 864 2871 lacrimis
896 2805 1104 2890 comploratus
1134 2826 1176 2887 es,
1206 2808 1237 2872 et

111 2906 282 2972 norissima
304 2905 337 2969 in
354 2905 425 2971 luce
447 2903 656 2976 desideravere
678 2903 800 2987 aliquid
823 2905 904 2971 oculi
928 2905 985 2970 tui.
1253 2929 1288 2982 25

176 3053 251 3098 Tacito
265 3067 343 3108 augura
356 3065 406 3107 pace
419 3053 526 3096 all'unima
540 3053 667 3108 d'Agrlcola,
682 3054 707 3098 ud
720 3054 789 3097 morta
802 3055 823 3096 lu
836 3054 930 3108 tamlgllu
944 3068 956 3096 a
969 3067 1056 3107 pausare
1069 3067 1081 3097 e
1095 3055 1177 3098 imitare

241 3125 261 3168 la
274 3125 345 3178 purcle
358 3137 370 3166 e
384 3126 404 3167 la
418 3125 487 3168 unioni
500 3125 521 3166 di
534 3125 572 3176 lui,
587 3126 625 3168 clre
639 3137 681 3168 non
695 3127 763 3168 morri
776 3126 832 3168 nella
848 3125 946 3168 memoris
958 3125 1014 3178 degli
1028 3125 1113 3168 nomini.

201 3213 376 3279 XXXXVI.
401 3213 434 3280 Si
450 3213 520 3297 quis
535 3214 657 3298 piorum
673 3214 817 3280 manibus
831 3213 927 3293 loona,
942 3214 979 3294 si,
991 3215 1027 3280 ut
1042 3214 1237 3298 sapientibus

110 3313 226 3396 placet,
253 3331 313 3378 non
339 3331 411 3378 cum
441 3331 564 3396 corpore
597 3313 821 3399 extinguuntur
850 3331 980 3398 magnae
1012 3314 1144 3394 animae,
1171 3313 1236 3398 pla·

111 3411 182 3477 cido
211 3411 361 3494 quiescas,
388 3430 502 3494 nosque
532 3410 658 3477 domurn
685 3413 772 3477 tuam
804 3414 842 3478 ab
871 3412 994 3478 infirmo
1026 3411 1177 3479 desiderio
1205 3415 1236 3478 ct

111 3509 321 3575 muliebribus
353 3510 498 3575 lamentis
529 3509 568 3575 ad
597 3511 887 3593 contemplationem
921 3511 1075 3577 virtutum
1108 3513 1235 3578 tuarum

111 3627 210 3687 rocas,
232 3627 310 3692 quas
332 3627 431 3692 neque
446 3609 545 3694 lugeri
570 3628 668 3692 nequo
686 3610 792 3694 plangi
816 3609 861 3675 ias
884 3611 939 3675 est.
985 3608 1188 3676 admiratione
1203 3611 1234 3676 te
1252 3624 1270 3679 5

110 3705 216 3790 potius
238 3709 269 3773 et
290 3706 521 3772 immortalibus
539 3706 685 3773 laudibus
708 3711 748 3787 at,
771 3707 798 3774 ai
813 3711 925 3774 natura
947 3709 1134 3794 suppeditet,
1149 3710 1235 3775 simi-

110 3803 246 3870 litudine
272 3803 423 3870 colamus:
456 3805 483 3870 is
504 3824 595 3870 rarus
617 3806 722 3885 honos,
744 3825 781 3871 aa
803 3807 1049 3874 coniunctissimi
1081 3809 1232 3892 cuiusque

112 3902 220 3986 pietas.
264 3903 297 3968 id
329 3903 413 3968 filiae
446 3921 567 3987 quoque
600 3903 748 3987 uxorique
788 3905 1010 3990 praeceperim,
1048 3907 1092 3972 sic
1124 3907 1233 3991 patris,

113 4000 158 4065 sic
185 4001 291 4066 mariti
314 4001 494 4068 memoriam
522 4002 671 4083 venerari,
697 4005 733 4069 ut
755 4003 858 4069 omnia
884 4003 966 4072 iacta
991 4005 1137 4089 dictaque
1166 4005 1234 4072 eius

1158 4157 1171 4200 b
