2890 4570
703 217 844 272 -14-

222 357 320 441 spatio
356 376 391 424 ac
427 357 512 424 caelo
547 356 580 422 in
616 355 764 424 orientem
786 356 993 439 Germaniae,
1014 357 1047 422 in
1070 357 1258 426 occidentem
1281 359 1340 426 Hi·

173 465 175 470 '
222 455 346 541 spaniae
389 456 576 536 obtenditur,
612 455 714 522 Gallis
749 456 782 521 in
818 456 980 522 meridiem
1016 457 1112 522 etiam
1155 457 1340 543 inspicitur3

221 553 472 638 septentrionalia
503 553 580 638 eius,
611 553 709 620 nullis
740 556 845 620 contra
873 555 974 634 terris,
996 556 1082 622 uasto
1115 557 1208 640 atque
1230 558 1341 640 aperto

222 651 299 716 mari
321 650 494 736 pulsantur.
539 651 667 718 formam
697 652 794 718 totius
825 651 1005 719 Britanniae
1042 653 1152 720 Liuius
1185 655 1339 735 veterum,

171 756 204 810 10
220 749 337 815 Fabius
358 749 506 816 Rusticus
539 749 709 816 recentium
742 749 987 834 eloquentissimi
1020 753 1158 818 auctores
1187 751 1340 837 oblongae

221 848 361 914 scutulae
382 848 431 914 vel
454 847 580 932 bipenni
602 847 837 916 adsimulatote.
881 850 913 915 et
934 849 981 916 est
1002 868 1038 915 ea
1060 849 1155 917 facies
1176 850 1255 916 citra
1277 849 1341 916 Ca-

220 946 384 1025 ledoniam,
418 945 498 1012 unde
527 948 559 1012 et
589 946 623 1011 in
657 946 835 1014 uniuersam
867 947 951 1014 lama
982 951 1029 1015 est
1059 949 1260 1035 transgressa,
1282 949 1341 1015 sed

220 1046 395 1113 inmensum
417 1047 449 1111 et
469 1064 591 1111 enorme
614 1044 749 1129 spatium
782 1046 1029 1129 procurrentium
1058 1048 1193 1113 extremo
1214 1047 1278 1113 iam
1300 1047 1340 1112 li·

220 1146 284 1212 tore
305 1145 456 1210 terrarum
489 1144 576 1209 velut
608 1143 640 1207 in
673 1162 805 1208 cuneum
831 1145 987 1210 tenuatur.
1030 1145 1110 1212 hanc
1132 1164 1217 1212 oram
1239 1147 1340 1213 noris·

171 1248 203 1304 15
220 1242 292 1310 simi
315 1241 410 1308 maris
430 1241 506 1306 tunc
527 1241 664 1324 primum
686 1241 824 1307 Romana
845 1241 954 1308 classis
974 1241 1181 1310 circumvecta
1199 1245 1338 1311 insulam

220 1360 285 1408 esse
306 1339 502 1405 Britanniam
524 1335 710 1418 adfirmavit,
732 1357 768 1405 ao
789 1339 885 1406 simul
907 1339 1080 1426 incognitas
1101 1341 1140 1406 ad
1162 1340 1195 1407 id
1212 1343 1338 1427 tempus

221 1438 349 1517 insulas,
382 1456 459 1521 quas
491 1436 626 1503 Orcadas
658 1439 777 1518 vocant,
811 1437 930 1505 inuenit
962 1436 1153 1522 domuitque.
1197 1440 1338 1525 dispecta

221 1539 269 1604 est
289 1538 321 1603 et
342 1536 453 1615 Thule,
477 1535 552 1619 quia
571 1536 721 1602 hactenus
744 1536 882 1602 iussum:
905 1538 936 1602 et
959 1537 1058 1602 biems
1085 1537 1259 1622 adpetebat.
1282 1539 1338 1605 sed

221 1655 306 1703 mare
327 1634 451 1720 pigrum
474 1635 506 1699 at
526 1652 618 1718 graue
641 1633 867 1718 remigantibus
889 1635 1065 1719 perhibent·
1082 1655 1120 1701 nc
1149 1637 1248 1702 ventis
1270 1637 1338 1720 qui·

168 1746 203 1800 20
221 1734 291 1802 dom
324 1732 450 1818 perinde
485 1732 598 1812 attolli,
621 1733 709 1798 credo
742 1732 824 1816 quod
856 1734 985 1799 rariores
1017 1733 1116 1800 terrae
1145 1736 1337 1819 montesque,

221 1852 314 1900 causa
346 1851 381 1898 ac
414 1830 545 1897 materia
570 1831 800 1915 tempestatum,
823 1832 855 1896 et
886 1831 1036 1916 profunda
1068 1833 1164 1898 moles
1197 1835 1336 1900 continui

221 1930 316 1996 maris
337 1928 457 1996 tardius
489 1928 672 2013 impellitur.
718 1931 862 1996 naturam
895 1927 1008 1995 Oceani
1042 1933 1135 2013 atque
1160 1932 1264 1997 aestus
1287 1950 1336 1997 ne·

221 2047 280 2112 que
303 2046 448 2110 quaerere
470 2026 564 2092 huius
585 2027 685 2110 operis
707 2028 764 2110 est,
786 2045 822 2092 ac
845 2026 938 2091 multi
972 2028 1133 2093 rettulere:
1161 2047 1258 2093 unum
1282 2029 1336 2093 ad·

220 2126 363 2204 diderim,
378 2143 530 2208 nusquam
546 2125 643 2190 latius
657 2124 808 2191 dominari
823 2143 918 2205 mare,
941 2125 1076 2190 multum
1092 2125 1259 2191 fluminum
1274 2127 1337 2191 huc

168 2239 203 2294 25
220 2224 321 2307 atqua
346 2222 423 2289 illuc
456 2222 543 2299 ferre,
565 2241 620 2288 nec
653 2223 744 2289 litore
776 2223 866 2290 tenus
899 2221 1071 2289 adcrescere
1093 2224 1149 2287 aut
1176 2223 1335 2304 resorberi,

220 2322 273 2389 sed
294 2321 422 2388 influere
442 2321 567 2406 penitus
588 2323 682 2403 atque
704 2321 832 2401 ambire,
855 2323 886 2387 et
906 2321 990 2407 iugis
1005 2321 1100 2388 etiam
1123 2339 1158 2387 ac
1177 2322 1336 2388 montibus

219 2421 313 2488 inseri
338 2420 476 2487 velutin
499 2439 563 2487 suo.
1154 2409 1158 2416 ⁴

364 2566 428 2609 Primi
440 2566 539 2610 abitatori
552 2565 608 2610 della
621 2565 742 2617 Britannica
757 2564 855 2609 celedoni
869 2579 881 2608 a
895 2565 1004 2616 Germanic
1019 2564 1083 2607 Silnri
1097 2577 1109 2607 e
1121 2564 1191 2616 Itonia

537 2636 643 2690 probabile
655 2636 736 2690 origine
749 2636 782 2680 dat
795 2636 892 2680 Britanni
906 2636 939 2677 dri
954 2635 1017 2678 Galli.

303 2725 359 2791 XI.
382 2723 526 2791 Ceterum
551 2725 745 2790 Britanniam
761 2725 814 2808 qui
831 2724 975 2790 mortales
997 2723 1088 2789 initio
1106 2723 1268 2804 coluerint,
1291 2724 1336 2788 in·

219 2823 348 2910 digenae
370 2843 409 2888 an
431 2822 562 2903 advecti,
584 2824 621 2888 ut
642 2823 724 2888 inter
746 2823 890 2888 barbaros
912 2841 1022 2906 parum
1044 2823 1246 2906 compertum.
1280 2823 1335 2887 ba·

219 2922 304 2987 bitus
325 2939 485 3006 corporum
507 2921 585 2986 varii
609 2922 702 3004 atque
724 2940 759 2987 er
792 2939 826 2986 eo
858 2923 1051 3005 argumenta.
1095 2919 1238 3002 Namque
1260 2920 1335 2984 ruti·

218 3020 267 3085 lac
289 3018 487 3087 Caledoniam
510 3018 721 3085 habitantium
744 3037 857 3097 comae,
880 3017 985 3104 magni
1008 3021 1094 3083 artus
1117 3015 1335 3084 Germanicam

184 3117 368 3204 auriginem
391 3116 585 3195 adseverant;
619 3115 760 3183 Silurum
793 3115 918 3183 colorati
952 3115 1069 3194 vultus,
1092 3115 1165 3181 torti
1198 3115 1336 3200 plerum-

219 3235 279 3300 que
310 3216 410 3282 crincs
442 3217 474 3281 et
505 3215 605 3299 posita
638 3216 743 3281 contra
774 3214 927 3298 Hispania
953 3213 1085 3280 Hiberos
1106 3214 1224 3279 veteres
1245 3213 1335 3280 truie·
1434 3261 1435 3278 .

219 3311 295 3379 cisse
316 3331 428 3395 easque
461 3311 546 3378 sedes
578 3330 741 3396 occupasse
774 3310 865 3376 fidem
904 3310 1038 3389 iaciunt3
1072 3311 1202 3394 proximi
1233 3309 1335 3378 Gallis
1434 3297 1435 3342 ³

218 3409 390 3477 absimiles
411 3412 493 3490 sunt,
515 3429 569 3476 seu
602 3409 732 3475 durante
764 3409 895 3495 originis
931 3410 971 3488 ui,
995 3428 1049 3474 seu
1082 3409 1334 3493 procurrentibus

217 3509 250 3572 in
271 3508 392 3574 diuersa
413 3508 503 3573 terris
525 3508 636 3592 positio
667 3506 746 3574 caeli
780 3507 957 3592 corporibus
989 3507 1133 3572 habiturn
1156 3507 1251 3573 dedit.
1297 3508 1333 3572 ln

168 3616 201 3670 10
218 3605 395 3672 universum
428 3607 531 3672 umen
565 3605 742 3672 aestimanti
776 3604 883 3671 Gallos
916 3605 1050 3670 vicinum
1082 3605 1218 3670 insulem
1248 3623 1336 3671 occu·

217 3724 304 3788 passe
326 3704 472 3771 credibile
494 3706 549 3771 est.
593 3723 699 3771 eorum
730 3722 816 3770 sacra
848 3703 1056 3788 deprehendas
1078 3704 1334 3788 superstitionum
1433 3767 1434 3788 ,

217 3803 429 3887 persuasionea
461 3821 559 3869 sermo
592 3802 675 3868 baud
709 3804 845 3869 multum
880 3803 1029 3882 diversus,
1066 3803 1098 3867 iu
1136 3802 1334 3886 deposcendis
1433 3837 1434 3856 .

218 3899 365 3985 periculis
401 3901 507 3966 eadem
543 3901 674 3967 audacia
709 3903 750 3981 et,
786 3899 841 3965 ubi
865 3899 1022 3979 advenere,
1058 3899 1090 3964 in
1127 3899 1334 3966 detrectandis
1433 3881 1434 3908 ³

217 3998 324 4068 eadem
346 3998 484 4067 formido.
528 3999 600 4086 plus
620 4002 725 4066 tamen
757 3997 886 4066 ferociae
918 3998 1061 4066 Britanni
1087 3997 1274 4084 praeferunt,
1298 3999 1335 4066 ut
