2890 4570
554 185 557 190 '
611 180 753 234 -21-

123 321 192 388 erat
213 321 249 385 ut
270 319 367 384 comis
390 319 487 398 bonis,
510 320 555 384 ita
577 319 724 386 adversus
745 319 843 386 malos
865 320 1063 388 iniucundus.
1108 323 1246 387 ceterum

124 437 161 484 ex
182 416 345 484 iracundia
367 417 448 483 nihil
470 419 629 502 supererat
661 419 826 501 secretum,
848 420 885 486 ut
913 417 1075 484 silentium
1098 419 1165 486 eius
1186 437 1245 484 non

122 518 262 603 timeres:
285 515 445 581 honestius
466 517 599 599 putabat
619 515 769 582 offendere
792 535 886 599 quam
909 516 1017 583 odisse.

168 664 249 716 cuma
262 675 317 706 mo
330 663 386 706 uera
398 663 516 715 sanares·
530 663 551 704 ar
564 662 672 716 sesam
687 663 832 706 succursu
846 663 932 706 murus
947 664 981 706 an
994 663 1055 706 mot·
1068 653 1197 707 excusam.

177 751 299 817 XXIII.
309 749 427 832 Quarta
438 753 538 817 aestas
549 751 724 817 obtinendis
736 771 815 835 quae
826 753 1061 836 percucurrerat
1070 752 1245 835 insumpta;

118 871 156 916 ac
182 852 209 914 si
233 849 334 915 virtus
357 849 548 914 exercituum
575 851 606 913 et
634 849 767 914 Bomani
796 848 930 914 nominis
956 849 1056 934 gloria
1077 850 1245 933 pateretur,

118 948 268 1015 inuentus
290 946 323 1011 in
344 947 412 1031 ipsa
441 947 605 1012 Britannia
637 947 799 1014 terminus.
828 967 962 1030 namque
986 947 1076 1014 Clota
1097 947 1130 1013 et
1150 947 1246 1014 Bodo-

118 1049 184 1112 tria
216 1045 331 1111 diversi
364 1045 459 1110 maris
493 1045 630 1111 aestibus
662 1064 716 1129 per
744 1046 921 1110 inmensum
943 1047 1092 1123 revectos,
1115 1047 1246 1130 angusto

118 1151 276 1212 terrarum
309 1143 410 1228 spatio
443 1142 648 1208 dirimuntur:
683 1141 764 1226 quod
786 1145 855 1208 tum
877 1142 1041 1227 praesidiis
1063 1143 1282 1220 firmabatur5

122 1247 219 1326 atquc
240 1243 339 1308 omnis
361 1240 484 1325 propior
505 1240 592 1306 sinus
613 1241 787 1320 tenebatur,
809 1241 974 1306 summotis
989 1240 1076 1307 velut
1097 1242 1129 1306 in
1149 1241 1245 1322 aliam

122 1340 259 1407 insulam
284 1339 435 1405 hostibus.

154 1492 227 1536 liuore
240 1490 349 1542 conquisto
363 1489 385 1530 di
398 1487 496 1542 Agricola
509 1489 544 1530 uul
558 1488 631 1540 quinto
645 1500 713 1538 auuoc
727 1488 873 1531 iortttlcszioui
888 1488 944 1532 della
957 1490 1013 1542 parti
1027 1489 1082 1532 dolls
1096 1490 1206 1532 Britannis
1304 1487 1308 1495 '

409 1559 449 1600 che
462 1558 568 1611 summo
580 1558 690 1601 l'llroruia.
704 1559 836 1601 Deoerisioue
850 1559 962 1602 doll'isola.

205 1647 322 1713 XXIV.
339 1645 455 1728 Quinto
469 1645 700 1729 expeditionum
717 1665 797 1711 anno
820 1665 896 1712 nave
918 1647 1020 1729 prima
1035 1649 1245 1731 transgressus

121 1749 244 1832 ignotas
267 1745 360 1810 adid
383 1746 507 1828 tempus
529 1745 631 1828 gentis
658 1745 774 1808 crebris
807 1743 902 1809 simul
925 1763 961 1810 ac
989 1744 1142 1828 prosperis
1163 1765 1245 1829 proe-

122 1844 176 1908 liis
197 1841 335 1918 domuit;
357 1860 488 1924 eamque
510 1844 630 1925 partem
652 1840 835 1906 Britanniae
858 1859 936 1924 quae
959 1841 1144 1907 Hiberniam
1167 1841 1245 1926 aspi·

120 1941 165 2006 cit
187 1939 286 2023 copiis
307 1939 464 2014 instruxit,
486 1939 520 2003 in
552 1957 638 2022 spem
664 1939 766 2023 magis
799 1957 894 2022 quam
927 1940 965 2005 ob
988 1937 1195 2015 formidinem,
1218 1939 1243 2003 si

120 2037 249 2121 quidem
271 2037 424 2102 Hibernia
458 2036 558 2102 medio
590 2036 672 2101 inter
692 2037 901 2130 ‚Britanniam
935 2038 1029 2121 atque
1058 2037 1280 2121 Hispaniama

119 2136 181 2200 sita
203 2136 236 2198 et
259 2131 381 2199 Gallico
403 2152 525 2216 quoque
547 2133 627 2198 mari
649 2135 821 2217 opportuna
849 2133 1095 2200 valentissimam
1118 2133 1244 2217 imperii

118 2235 241 2317 partem
264 2231 387 2317 magnis
418 2232 451 2296 in
485 2231 585 2298 uicem
610 2232 720 2298 usibus
742 2233 913 2299 miscuerit.
957 2233 1094 2318 spatium
1117 2232 1194 2310 eius,
1217 2231 1244 2296 si

118 2330 304 2397 Britanniae
326 2331 531 2414 comparetur,
552 2330 727 2416 augustino,
749 2331 846 2396 nostri
879 2331 975 2397 maris
1008 2330 1127 2396 insulas
1158 2348 1244 2411 supe

118 2431 178 2496 rat.
194 2428 298 2494 solum
320 2427 504 2511 caelumque
519 2431 551 2494 et
565 2429 692 2514 ingenia
706 2428 873 2510 cultusque
887 2429 1049 2494 hominum
1065 2425 1149 2491 haud
1165 2425 1244 2490 mul·

118 2531 189 2594 tum
212 2545 233 2590 a
247 2525 412 2591 Britannia
426 2523 587 2590 differunt:
602 2526 759 2590 iamriora
770 2545 901 2606 parum,
924 2525 1038 2590 melius
1053 2523 1158 2589 aditus
1178 2541 1243 2606 por·
1264 2543 1297 2596 10

118 2629 234 2709 tusque
249 2643 304 2708 per
318 2623 501 2690 commercia
526 2626 558 2689 et
585 2624 791 2709 negotiatores
817 2623 944 2708 cogniti.
968 2622 1115 2710 Agricola
1137 2621 1244 2706 expul·
1318 2707 1321 2714 Ι

118 2744 189 2803 sum
213 2722 364 2788 seditione
386 2720 554 2789 domestica
576 2741 673 2786 unum
697 2741 733 2786 ex
754 2722 873 2806 regulis
901 2722 1004 2807 gentis
1026 2722 1186 2806 exceperat
1208 2739 1244 2784 ac

119 2821 223 2906 specie
245 2819 403 2884 amicitiae
425 2819 458 2884 in
479 2819 668 2885 occasionem
691 2819 853 2885 retinebat.
869 2839 960 2904 saepe
974 2839 1011 2885 ex
1030 2839 1065 2885 eo
1079 2818 1186 2884 audivi
1203 2818 1246 2883 le·

118 2920 212 3006 gione
233 2937 297 2982 una
318 2919 350 2982 et
371 2916 502 2982 modicis
523 2917 650 2982 auxiliis
671 2917 821 2982 debellari
843 2918 1037 3000 obtinerique
1059 2917 1244 2982 Hiberniam

119 3037 225 3102 posse;
248 3015 342 3098 idque
375 3015 470 3081 etiam
502 3015 649 3081 adversus
677 3015 873 3080 Britanniam
906 3015 1114 3098 proditurum,
1137 3015 1164 3079 si
1186 3015 1245 3080 Bo-
1264 3035 1297 3089 15

119 3133 213 3181 mana
234 3113 353 3196 ubique
375 3132 462 3178 arma
483 3115 515 3178 et
537 3112 624 3179 velut
645 3132 662 3178 e
684 3115 848 3196 conspectu
869 3111 999 3177 libertas
1021 3110 1193 3176 tolleretur.

394 3260 518 3313 spanos.
530 3260 631 3303 enata
644 3273 656 3302 ι
669 3261 745 3304 nvn·
758 3261 832 3303 anm
845 3261 853 3301 r
867 3259 976 3306 cums.

204 3349 306 3415 XXV.
318 3348 464 3416 Ceterum
475 3349 601 3427 aestate,
619 3369 683 3432 qua
692 3351 813 3415 sextum
828 3349 922 3415 officii
938 3367 1053 3414 annum
1069 3350 1244 3430 inchoabat,

7 3443 8 3446 ’
120 3449 282 3533 amplexus
303 3447 446 3514 ciuitates
467 3449 554 3512 bans
575 3446 754 3513 Bodotriam
787 3447 873 3526 sitas,
896 3447 971 3529 quia
1001 3450 1104 3514 motus
1125 3449 1245 3514 univer·

7 3599 8 3604 ,
121 3567 227 3613 sarum
248 3546 334 3612 ultra
354 3545 497 3630 gentium
519 3547 552 3610 et
572 3544 685 3610 infesta
717 3545 859 3611 hostibus
891 3547 1043 3611 exercitus
1072 3547 1186 3612 itinera
1207 3547 1245 3611 ti-

121 3646 297 3723 mebantur,
331 3646 440 3727 portus
478 3644 575 3708 classe
611 3642 793 3726 exploravit3
831 3662 910 3725 quae
946 3644 985 3708 ab
1007 3643 1156 3728 Agricola
1185 3645 1245 3728 pri-

7 3773 8 3816 ;
121 3762 208 3822 mum
231 3741 398 3824 adsumpta
419 3741 453 3804 in
474 3741 594 3824 partem
617 3739 733 3806 virium
767 3741 953 3823 sequebatur
985 3743 1112 3827 egregia
1133 3742 1281 3826 specie,5

7 3851 8 3934 J
122 3859 192 3903 cum
215 3837 312 3904 simul
343 3841 436 3913 terra,
458 3837 555 3904 simul
584 3837 663 3902 mari
694 3837 813 3902 bellurn
845 3837 1069 3920 impelleretur,
1097 3858 1133 3904 ac
1155 3858 1245 3922 saepe

7 3943 8 3950 ’
122 3937 219 4003 isdem
252 3937 362 4002 castris
393 3936 486 4020 pedes
518 3953 673 4019 equesque
694 3938 726 4001 et
747 3937 893 4001 nauticus
921 3936 1013 4000 miles
1035 3936 1124 4002 mixti
1148 3937 1246 4020 copiis
