2890 4570
707 227 849 281 ..28-

165 383 197 437 15
214 366 394 445 covinnarii,
424 365 565 450 peditum
599 386 630 433 se
660 367 775 451 proelio
808 368 969 436 miscuere.
1014 372 1046 436 et
1075 390 1263 455 quamquam
1294 392 1341 438 re-

214 464 334 531 centem
356 466 504 530 terrorem
531 463 713 543 intulerant,
736 464 838 532 densis
860 468 964 532 tamon
990 467 1126 534 bostium
1159 469 1342 555 agminibus

213 563 246 627 et
277 561 495 644 inaequalibus
532 561 608 628 locis
641 563 825 641 haerebant;
863 564 1054 649 minimeque
1090 585 1189 650 aequa
1224 567 1342 633 nostris

214 660 276 725 iarn
299 679 421 744 pugnae
436 659 531 726 iacies
553 661 629 742 erat,
652 679 724 726 cum
746 679 836 747 aegre
851 661 931 728 clivo
953 663 1105 730 instantes
1127 663 1222 731 simul
1244 682 1342 747 equo-

214 777 284 822 rum
314 757 491 840 corporibus
527 757 777 842 impellerentnr;
810 779 845 825 ac
875 778 964 844 saepe
990 762 1061 847 vagi
1095 781 1214 842 currus,
1242 763 1341 828 estor-

161 874 196 928 20
214 854 268 921 riti
291 855 356 920 sine
378 855 549 922 rectoribus
578 856 661 940 oqui,
683 859 720 924 nt
743 876 896 940 quemque
925 858 1055 925 formido
1085 860 1211 939 tulerat,
1237 863 1341 926 trans·

213 972 314 1020 versos
336 955 392 1020 aut
413 954 519 1020 obvios
540 954 749 1021 incursabant.

400 1101 538 1146 contionale
552 1101 679 1144 dosorieione
692 1100 747 1143 delle
761 1101 875 1155 battegllsq
891 1101 977 1146 mabit·
991 1103 1024 1146 dei
1037 1103 1143 1146 Britanni.

288 1189 450 1256 XXXVII.
463 1191 504 1255 lit
515 1189 669 1268 Britanni,
682 1189 737 1273 qui
749 1189 850 1255 adbno
861 1209 983 1275 pugnae
995 1193 1132 1275 expertos
1144 1194 1340 1259 summaool·

213 1289 292 1355 lium
320 1287 496 1354 insederant
528 1287 560 1352 et
592 1287 782 1371 paucitatem
812 1289 986 1354 nostrorum
1018 1290 1109 1356 vacui
1143 1291 1340 1374 spernebant,

213 1385 338 1472 degredi
360 1384 514 1469 paulatim
538 1386 568 1450 et
590 1384 755 1451 circumire
777 1388 865 1471 terga
896 1387 1086 1453 vincentium
1109 1390 1282 1471 coeperant,
1305 1388 1340 1454 ni

213 1484 245 1550 id
268 1485 371 1568 ipsum
401 1482 518 1549 veritus
540 1481 686 1568 Agricola
720 1485 867 1566 quattuor
895 1484 1038 1568 equitum
1068 1484 1144 1565 alas,
1171 1484 1209 1550 ad
1232 1486 1341 1552 subita

178 1581 289 1652 5belli
327 1583 472 1661 retentas,
509 1581 705 1647 venientibus
748 1581 949 1665 opposuisset,
987 1583 1164 1667 quantoque
1204 1582 1340 1650 ferocius

213 1681 462 1760 admonuerant,
493 1682 579 1746 tanto
608 1679 710 1746 acrius
736 1679 841 1764 pulsos
867 1680 900 1744 in
929 1680 1036 1766 lugam
1066 1681 1246 1748 disieoissot.
1292 1683 1340 1748 ita

213 1779 378 1846 consilium
400 1778 623 1845 Britannorum
652 1778 684 1843 in
708 1779 789 1861 ipsos
811 1795 944 1854 versum,
974 1778 1226 1862 transvectaeque
1249 1799 1339 1863 prae-

213 1880 300 1962 cepto
322 1877 410 1942 ducis
430 1876 561 1941 afronte
584 1876 792 1960 pugnantium
822 1875 889 1940 aiae
911 1895 1050 1942 aversam
1077 1876 1214 1942 bostium
1237 1877 1339 1944 aciem

212 1975 360 2040 invasere.
400 1976 469 2039 tum
498 1992 568 2038 vero
595 1974 774 2055 patentibus
803 1973 880 2039 locis
906 1972 1021 2058 grande
1048 1975 1081 2039 et
1105 1976 1191 2039 atrox
1217 1978 1340 2058 speeta-

162 2073 335 2142 loculum:
370 2072 468 2154 sequi,
497 2071 668 2150 vulnerare,
697 2090 814 2155 capere,
848 2072 941 2154 atque
971 2071 1092 2137 eosdem
1121 2071 1235 2138 oblatis
1265 2072 1339 2139 aliis

213 2168 377 2235 trucidare.
422 2169 484 2233 iam
507 2167 656 2248 hostium,
686 2172 780 2252 prout
807 2169 920 2251 cuique
948 2169 1110 2254 ingenium
1140 2169 1217 2247 erat,
1240 2171 1338 2236 cater-

213 2287 267 2334 vae
300 2269 490 2332 armatorum
519 2265 718 2350 paucioribus
747 2269 834 2352 terga
860 2269 1025 2350 praestare,
1052 2265 1180 2350 quidam
1202 2267 1339 2334 inermes

212 2366 295 2433 ultro
317 2385 405 2432 ruere
436 2385 472 2432 ac
498 2384 529 2430 se
552 2365 644 2430 morti
674 2364 790 2430 offerre.
835 2364 949 2448 passim
979 2383 1065 2430 arma
1094 2367 1125 2430 et
1153 2383 1279 2447 corpora
1307 2368 1340 2432 et

210 2464 304 2532 laceri
327 2465 414 2530 artus
436 2464 468 2530 ot
490 2464 616 2530 cruenta
637 2463 770 2540 bumns;
794 2451 831 2528 'et
853 2462 1019 2545 aliquando
1049 2463 1144 2529 etiam
1174 2463 1266 2528 victis
1291 2464 1339 2529 ire

161 2581 193 2636 15
211 2564 381 2645 virtusque.
426 2563 589 2646 postquam
627 2561 715 2627 silvis
751 2560 1084 2645 appropinquaverunt,
1112 2559 1138 2645 †
1165 2559 1242 2625 item
1272 2561 1339 2644 pri·

212 2679 277 2726 mos
305 2660 501 2743 sequentium
532 2660 672 2725 incautos
705 2658 827 2724 collecti
863 2659 894 2724 et
923 2657 1059 2723 locorum
1087 2657 1175 2744 gnari
1206 2658 1338 2723 circum-

212 2758 384 2824 veniebant.
436 2756 516 2840 quod
555 2756 587 2822 ni
625 2757 768 2840 frequens
811 2756 928 2839 ubique
965 2755 1111 2840 Agricola
1147 2754 1268 2820 validas
1307 2758 1340 2822 et

211 2854 367 2940 expeditas
400 2855 537 2921 cobortes
570 2851 728 2938 indaginis
761 2853 860 2931 modo,
894 2855 926 2917 et
955 2853 1054 2919 sicubi
1089 2853 1203 2918 artiora
1236 2856 1338 2938 erant,
1439 2879 1440 2886 ¹

210 2956 331 3040 partem
364 2953 506 3036 equitum
539 2949 677 3016 dimissis
706 2951 804 3033 equis,
831 2950 926 3016 simul
959 2950 1089 3017 rariores
1122 2950 1216 3016 silvas
1247 2952 1339 3035 equi·
1439 2973 1440 2996 i

159 3073 193 3126 20
210 3056 274 3120 tem
308 3050 493 3137 perscrutari
530 3048 681 3128 iussisset,
716 3051 876 3133 acceptum
910 3046 1036 3130 aliquod
1069 3048 1182 3114 vulnus
1211 3068 1266 3133 per
1292 3049 1338 3113 ni·

211 3153 307 3218 miam
334 3150 482 3215 fiduciam
505 3149 591 3214 foret.
636 3147 772 3213 cetorum
803 3145 856 3211 ubi
886 3146 1069 3230 compositos
1098 3145 1197 3211 firmis
1224 3141 1338 3212 ordini·

211 3252 268 3314 bus
290 3247 377 3332 sequi
408 3265 515 3312 rursus
544 3244 657 3324 videre,
687 3245 719 3309 in
749 3243 857 3329 lugam
883 3242 972 3322 versi,
1000 3262 1059 3309 non
1077 3242 1275 3328 'agminibus
1300 3247 1337 3311 ut

211 3347 307 3432 prius,
337 3365 392 3412 neo
418 3345 500 3410 alius
526 3343 626 3408 alium
654 3344 870 3427 respectantes,
897 3341 958 3405 rari
987 3342 1019 3406 et
1045 3340 1208 3406 vitabundi
1236 3341 1269 3406 in
1293 3342 1335 3407 vi·

210 3462 278 3510 cem
309 3441 480 3528 longinqua
516 3443 609 3524 atque
647 3441 716 3506 avia
753 3440 878 3524 petiere.
923 3437 994 3504 finis
1030 3438 1178 3522 sequendi
1213 3457 1270 3505 nox
1304 3441 1337 3506 et

158 3563 193 3616 25
211 3541 337 3606 satietas
376 3539 445 3604 luit.
491 3557 579 3604 caesa
615 3538 752 3604 hostium
791 3536 830 3603 ad
866 3537 971 3602 docem
1008 3535 1114 3602 miliat
1159 3538 1335 3604 nostrorum

212 3638 341 3706 trecenti
376 3637 535 3723 sexaginta
571 3636 728 3716 cecidere,
765 3635 797 3700 in
835 3637 905 3719 quis
944 3634 1046 3700 Aulus
1082 3635 1208 3700 Atticus
1250 3655 1337 3719 prae·

211 3737 309 3803 iectus
353 3735 495 3812 cohortis,
537 3735 667 3802 iuvenili
712 3733 817 3800 ardore
855 3734 887 3798 et
923 3732 1036 3798 ferocia
1076 3732 1147 3815 equi
1192 3733 1336 3801 hostibus

211 3835 337 3900 inlatus.
