2890 4570
590 239 728 324 717-

97 376 158 442 isse
181 377 329 455 militum,
352 377 378 440 si
411 395 476 442 sese
509 376 652 442 Britanni
687 380 871 443 numerent?
893 379 938 444 sic
962 377 1144 445 Germanias
1167 400 1218 446 er-

101 474 227 540 cussisse
249 475 376 559 iugum:
399 475 430 538 et
451 473 591 553 flumine,
606 493 666 540 non
689 474 809 542 Oceano
831 475 963 541 defendi.
1008 478 1067 542 sibi
1083 479 1219 561 patriam

99 572 242 658 coniuges
274 575 426 655 parentes,
459 571 526 637 illis
559 573 723 637 avaritiam
756 575 788 639 ct
820 573 977 639 luxuriam
1010 595 1119 640 causas
1142 578 1218 642 belli
1238 595 1271 649 15

99 690 169 736 essa.
215 689 396 748 recessuros,
418 671 455 735 ut
488 670 578 735 divus
612 671 713 735 lulius
747 673 930 750 recessisset,
953 673 1043 738 modo
1059 674 1219 748 virtutem

97 769 249 835 maiorum
271 786 397 834 suorum
420 769 659 833 aemularentur.
712 768 795 834 Neve
812 770 922 853 proelii
945 771 1039 835 unius
1067 776 1123 838 aut
1145 774 1219 839 alte·

96 868 160 934 rius
183 867 296 933 eventu
318 869 531 950 pavescerent:
554 867 625 950 plus
647 865 784 950 impetus
806 868 948 951 iatcpn's,
973 870 1121 938 maiorem
1152 890 1219 936 con.

95 965 243 1032 stantiam
277 983 369 1047 penes
401 965 528 1031 miseros
561 980 659 1030 csse·
690 965 753 1029 iam
786 966 1005 1031 Britannorum
1029 968 1125 1032 etiam
1148 968 1220 1034 deos

94 1063 246 1142 misereri,
268 1063 323 1146 qui
356 1062 531 1128 Romanum
563 1062 674 1128 ducem
708 1064 878 1148 absentem,
901 1065 955 1146 qui
989 1064 1163 1150 relegatum
1186 1066 1218 1130 in
1237 1089 1271 1142 20

95 1161 159 1228 alia
180 1161 285 1225 insula
299 1161 466 1225 exercitum
483 1159 672 1236 detinerent;
694 1161 757 1224 iam
774 1161 865 1245 ipsos,
888 1161 968 1244 qnod
991 1161 1218 1227 difficillimum

95 1260 202 1336 fuerit,
223 1258 403 1325 deliberare.
459 1278 547 1343 porro
570 1259 601 1323 in
625 1259 692 1325 eins
726 1260 808 1325 modi
843 1260 980 1326 consiliis
1013 1261 1219 1344 periculosius

98 1377 164 1422 esse
186 1356 368 1439 deprehendi
392 1375 486 1441 quam
509 1355 631 1422 audere.

98 1488 215 1532 Bibollionc
227 1487 260 1530 dei
272 1489 378 1538 Britanni,
393 1488 507 1541 capitoneti
522 1489 549 1530 ds
561 1489 663 1539 Budlccar
682 1489 835 1532 sottomissiona
849 1503 886 1542 per
899 1502 962 1542 opera
975 1490 997 1532 di
1011 1491 1110 1533 Suetonio
1124 1490 1218 1532 Pcollno.

121 1559 179 1602 artri
191 1559 323 1612 governctori
336 1558 391 1600 della
404 1559 525 1600 Britannia:
540 1559 638 1601 Petronio
651 1559 782 1611 Turpiliano,
792 1559 896 1602 Trebellio
905 1561 1011 1610 Massimo,
1019 1561 1096 1603 Verrio
1107 1561 1192 1602 Bolano.

182 1645 267 1710 XVI.
282 1646 342 1710 His
354 1645 447 1729 atque
462 1646 579 1711 talibus
593 1646 626 1711 in
641 1647 740 1711 vicem
757 1639 909 1725 instincti,
926 1647 1082 1712 Boudicca
1097 1648 1219 1732 generis

96 1745 177 1829 regii
199 1743 316 1808 femina
338 1743 415 1808 duce
437 1751 549 1828 (neque
571 1744 655 1810 enim
670 1764 777 1810 sexum
800 1746 833 1809 in
863 1745 1003 1828 imperiis
1025 1744 1217 1830 discernunt)

99 1860 253 1925 sumpsere
288 1842 425 1908 universi
458 1842 594 1918 bellurn;
627 1861 663 1907 ac
695 1861 815 1927 sparsos
847 1862 902 1926 per
935 1842 1063 1908 castella
1101 1843 1219 1909 milites

96 1939 275 2017 consectati,
297 1939 481 2024 expugnatis
513 1939 675 2024 praesidiis
707 1941 806 2024 ipsam
840 1941 992 2007 coloniam
1021 1941 1161 2006 invasere
1183 1942 1220 2006 ut

95 2037 200 2102 sedem
223 2036 393 2114 servitutis,
416 2055 472 2102 nec
494 2036 596 2102 ullum
618 2037 651 2101 in
682 2038 822 2104 barbaris
852 2039 999 2104 saevitiae
1022 2059 1120 2124 genus
1141 2039 1254 2110 omi-5

95 2134 137 2200 sit
173 2134 223 2199 ira
258 2136 290 2199 et
325 2134 463 2200 victoria.
508 2134 672 2220 quodnisi
701 2136 855 2202 Paulinus
889 2137 1012 2222 cognito
1045 2137 1219 2220 provinciae

94 2234 183 2298 motu
221 2250 345 2316 propere
382 2232 590 2312 subvenisset,
627 2233 741 2298 amissa
778 2235 942 2299 Britannia
984 2233 1080 2310 foret3
1125 2253 1219 2316 quam

94 2332 190 2396 unius
223 2329 333 2413 proelii
360 2330 489 2414 ‚fortuna
524 2330 620 2396 veteri
657 2331 826 2415 patientiae
856 2331 1007 2410 restituit,
1041 2332 1219 2397 tenentibus

94 2446 185 2493 arma
220 2427 388 2511 plerisque,
410 2447 486 2510 quos
521 2428 708 2494 conscicntia
743 2428 924 2494 defectionis
960 2430 991 2493 et
1024 2429 1151 2512 propius
1184 2448 1219 2493 en

93 2526 199 2610 legato
229 2525 324 2590 timor
355 2525 512 2610 agitabat,
549 2545 587 2590 ne
623 2545 815 2609 quamquam
852 2527 994 2610 egregius
1031 2527 1133 2591 cetera
1169 2525 1219 2590 ad·
1240 2546 1272 2599 10

93 2624 240 2708 rogantur
272 2623 303 2686 in
336 2622 456 2688 deditos
489 2625 521 2689 et
553 2625 590 2689 ut
624 2642 697 2688 suae
730 2622 881 2705 cuiusque
904 2623 1038 2688 iniuriae
1060 2624 1144 2690 ultor
1166 2623 1220 2688 du-

92 2723 161 2786 rius
183 2720 365 2786 consuleret.
410 2721 527 2785 Missus
540 2720 641 2806 igitur
657 2720 822 2786 Petronius
837 2721 1041 2804 Turpilianus
1057 2721 1218 2805 tamquam

93 2817 280 2886 exorabilior
301 2819 333 2883 ot
353 2817 478 2883 delictis
500 2818 638 2884 hostium
654 2837 751 2884 novus
765 2837 861 2901 eoque
877 2819 1086 2902 paenitentiae
1103 2819 1220 2897 mitior,

92 2916 273 3001 compositis
301 2916 456 2999 prioribus
477 2916 559 2981 nibil
580 2915 665 2981 ultra
695 2935 790 2982 ausus
817 2917 974 2983 Trebellio
996 2917 1133 2983 Maximo
1155 2936 1221 3001 pro·

93 3014 231 3082 vinciam
268 3013 408 3079 tradidit.
452 3014 628 3079 Trebellius
660 3015 782 3098 segnior
807 3017 840 3080 et
861 3014 959 3079 nullis
981 3017 1152 3080 castrorum
1174 3036 1221 3081 cx·
1240 3030 1273 3084 15

92 3113 287 3196 perimentis,
309 3112 455 3177 comitate
477 3110 612 3193 quadam
646 3112 774 3177 curandi
808 3112 997 3195 provinciam
1026 3111 1138 3174 tenuit.
1173 3112 1221 3176 di-

92 3210 197 3276 dicere
229 3211 294 3273 ianr
316 3209 439 3274 barbari
461 3228 583 3291 quoque
616 3209 773 3294 ignoscere
795 3208 882 3273 vitiis
914 3207 1157 3283 blandientibus,
1189 3212 1222 3273 et

92 3307 289 3374 interventus
317 3306 460 3371 civilium
489 3324 646 3372 armorum
680 3305 825 3389 praebuit
856 3306 973 3370 iustam
1001 3305 1153 3390 segnitiae
1175 3325 1221 3372 ex·

92 3405 303 3471 cusationem:
341 3403 394 3470 scd
429 3402 581 3468 discordia
616 3402 807 3482 laboratum,
844 3421 915 3468 cum
952 3402 1101 3468 adsuetus
1136 3423 1221 3487 expe·

93 3502 269 3569 ditionibus
291 3502 382 3567 miles
415 3502 477 3567 otio
508 3500 674 3567 lasciviret.
727 3500 914 3580 Trebellius,
936 3501 1012 3585 suga
1034 3519 1070 3565 ac
1091 3500 1221 3567 latebris
1238 3519 1273 3573 20

94 3601 197 3666 vitata
228 3600 381 3665 exercitus
413 3599 460 3663 ira
490 3597 652 3663 indecorus
685 3600 779 3680 atque
811 3598 958 3682 humilis,
981 3598 1119 3681 precario
1152 3618 1222 3665 mor

95 3697 243 3782 praefuit,
266 3715 301 3762 ac
323 3697 411 3763 velut
424 3696 519 3780 pacti,
534 3695 686 3762 exercitus
707 3695 879 3774 licentiam,
902 3695 964 3759 dur
979 3696 1114 3760 salutem
1132 3698 1221 3773 esset,

95 3795 210 3860 seditio
241 3795 308 3859 sinc
340 3794 490 3878 sangnine
522 3793 619 3858 stetit.
664 3792 730 3858 Nec
753 3791 880 3858 Vettius
902 3792 1048 3870 Bolanus,
1071 3794 1222 3858 manenti-

96 3892 156 3958 bus
192 3892 295 3958 adbuc
330 3891 477 3957 civilibus
512 3890 614 3970 bellis,
636 3889 770 3975 agitavit
806 3890 1003 3955 Britanniam
1036 3889 1220 3972 disciplina:

98 3991 206 4057 eadem
226 3990 340 4055 inertia
372 4007 446 4074 erga
477 3989 584 4067 hostis,
607 3987 721 4053 similis
754 3988 929 4073 petulantia
954 3990 1138 4066 castrorum,
1160 3988 1219 4053 uisi
1239 4009 1274 4062 25
