2890 4570
594 226 735 279 ..25-

101 365 218 448 quibus
247 363 423 430 exercendis
455 383 655 430 reservemur.
700 364 799 430 virtus
831 383 920 449 porro
952 384 988 432 ac
1015 365 1128 432 ferocia
1153 367 1225 432 sub-

103 464 253 529 iectorum
282 463 406 547 ingrata
431 462 675 546 imperantibus;
705 464 737 528 et
765 462 978 547 longinquitas
1008 482 1043 528 ac
1072 466 1224 530 secretum

102 562 205 645 ipsum
229 579 290 643 quo
312 560 423 638 tntIns,
446 579 480 625 eo
502 559 685 642 suspectius.
730 559 776 624 ita
798 560 922 626 sublata
944 579 997 646 spe
1028 561 1135 628 veniae
1157 563 1279 629 tan-15

102 659 171 724 dem
194 658 310 724 sumite
339 658 488 733 animum,
515 658 581 724 tam
604 657 718 740 quibus
745 657 831 724 salus
864 676 959 743 quam
988 659 1101 743 quibus
1126 659 1226 745 gloria

101 756 264 822 carissima
293 757 349 820 est.
393 755 558 840 Brigantes
587 754 703 820 femina
731 755 808 820 duce
841 775 967 822 exurere
995 756 1158 835 coloniam,
1180 776 1226 824 ex-

97 873 240 940 pugnare
284 855 395 933 castra,
440 871 475 918 ao
512 851 573 916 nisi
609 852 745 919 felicitas
788 853 821 918 in
858 854 1029 920 socordiam
1073 855 1226 937 vertisset,

98 971 209 1018 exuere
232 951 343 1036 iugum
374 953 516 1035 potuere:
546 969 600 1015 nos
622 950 736 1034 integri
760 954 791 1018 et
813 951 958 1018 indomiti
990 953 1075 1018 etin
1102 953 1226 1020 liberta·

98 1053 175 1128 tem,
209 1068 271 1114 non
303 1050 335 1113 in
368 1049 553 1132 patientiam
589 1048 748 1127 bellaturi,
781 1050 882 1133 primo
917 1050 1026 1115 statim
1062 1070 1226 1137 congressu
1245 1067 1280 1119 20

97 1147 310 1226 ostendamus,
332 1166 408 1232 quos
429 1147 489 1212 sibi
513 1146 679 1213 Caledonia
702 1148 782 1213 viros
805 1149 1011 1232 seposuerit.»

397 1283 560 1328 Gontinmzione
574 1295 586 1324 e
600 1282 689 1325 dandal
703 1282 794 1326 diacono
805 1283 826 1324 dt
840 1283 937 1336 cumpo,

165 1370 298 1436 XXXII.
307 1395 325 1431 c
335 1371 384 1435 An
396 1371 525 1437 eandem
537 1370 685 1437 Romanis
697 1371 730 1436 in
745 1371 827 1437 bello
840 1371 989 1437 virtutem
1002 1392 1096 1456 quam
1107 1374 1141 1439 in
1152 1393 1227 1459 pace

102 1469 265 1535 lasciviam
293 1467 399 1535 adesa
428 1469 577 1534 creditis?
606 1468 719 1534 nostris
751 1468 802 1535 illi
827 1468 1070 1537 dissensionibus
1100 1491 1135 1538 ac
1168 1472 1227 1538 dis·

99 1567 215 1634 cordiis
237 1566 313 1631 clari
343 1567 423 1634 vitia
451 1566 588 1632 hostium
620 1567 654 1631 in
683 1565 815 1651 gloriam
838 1567 991 1633 exercitus
1013 1569 1063 1634 sni
1086 1571 1226 1644 vertunt;

100 1684 196 1748 quem
223 1664 416 1730 contractum
445 1683 481 1729 er
509 1664 729 1729 diversissimis
761 1663 908 1748 gentibus
937 1667 973 1729 ut
999 1667 1151 1731 secundae
1179 1687 1227 1732 res

101 1763 218 1840 tenent,
249 1761 296 1826 ita
325 1761 469 1826 adversae
501 1761 686 1827 dissolvent:
720 1761 780 1826 nisi
810 1761 837 1824 si
861 1758 968 1826 Gallos
998 1764 1030 1828 et
1060 1762 1263 1829 Germanos5

104 1861 137 1925 et
169 1858 279 1942 (pudet
314 1857 416 1943 dictu)
448 1858 670 1924 Britannorum
707 1858 879 1943 plerosque,
915 1857 992 1924 ficet
1025 1859 1227 1926 dominationi

102 1955 223 2022 allenae
256 1955 439 2040 sangninem
473 1954 677 2038 commodent,
709 1955 831 2020 diutins
863 1957 969 2023 tamar
999 1957 1102 2023 hostes
1134 1976 1228 2040 quam

101 2073 214 2132 servos,
238 2053 299 2118 fida
328 2056 361 2118 et
381 2052 505 2118 adfectu
534 2053 631 2119 teneri
661 2054 790 2137 putatis.
833 2055 936 2119 metus
965 2074 1001 2120 ac
1028 2058 1125 2121 terror
1155 2058 1229 2121 sunt

100 2151 228 2216 infirma
252 2150 355 2216 vinela
376 2151 531 2229 caritatIs3
554 2170 633 2234 quae
655 2151 710 2217 nbi
726 2153 902 2236 removens,
925 2154 979 2233 qui
1003 2155 1113 2218 timere
1134 2153 1229 2219 desie-

101 2249 176 2326 rint,
199 2248 301 2314 odisse
326 2249 486 2333 incipient.
530 2249 634 2315 omnia
660 2249 807 2315 victoriae
833 2248 1037 2317 Incitamenta
1065 2270 1118 2334 pro
1141 2252 1282 2317 nobis10

101 2351 192 2414 sunt:
217 2346 324 2413 nullae
353 2346 507 2413 Romanos
529 2347 675 2432 coniuges
704 2346 886 2426 accendunt,
916 2347 998 2412 nulli
1020 2349 1161 2431 parentes
1183 2349 1228 2414 fn·

101 2465 175 2532 gam
191 2445 405 2528 exprobraturi
420 2447 511 2521 snnt;
533 2447 590 2511 aut
610 2443 699 2508 nulla
713 2443 870 2528 plerIsqne
885 2443 989 2528 patria
1011 2446 1066 2508 ant
1087 2444 1150 2509 alia
1172 2447 1228 2510 est.

102 2562 218 2629 paucos
248 2563 387 2623 numero,
411 2543 547 2628 trepidos
576 2543 763 2629 ignorantia
796 2543 918 2608 caelum
945 2543 1050 2627 ipsum
1079 2560 1114 2608 aa
1144 2562 1229 2608 mare

103 2644 135 2708 et
162 2641 271 2720 sllras,
299 2641 405 2726 ignota
438 2641 543 2706 omnia
561 2643 693 2718 ‚circum
727 2641 910 2724 spectantes,
943 2641 1063 2706 clausos
1096 2641 1228 2723 quodam

103 2740 195 2806 modo
230 2758 268 2804 ac
304 2739 423 2805 unetm
458 2739 491 2803 di
526 2739 615 2805 nobis
651 2738 856 2804 tradiderunt.
902 2758 940 2804 ne
975 2741 1091 2804 terreat
1133 2759 1230 2805 vanus
1249 2747 1284 2800 15

104 2839 249 2923 aspectus
285 2839 318 2902 et
353 2838 421 2902 auri
456 2837 561 2922 fulgor
596 2839 691 2919 atque
728 2837 860 2922 argenti,
897 2837 979 2920 quod
1016 2856 1114 2920 neque
1150 2838 1231 2922 tegit

104 2955 205 3020 neqne
226 2935 380 3001 vulnerat.
416 2934 450 2999 in
472 2935 540 3019 ipsa
561 2935 699 3001 hostium
723 2937 789 3000 acie
811 2935 1005 3001 inveniemus
1027 2937 1146 3000 nostras
1169 2955 1231 2999 nra·

105 3054 173 3100 nus.
219 3032 407 3117 adgnoscent
428 3032 573 3097 Britanni
599 3051 688 3098 suam
712 3051 849 3111 causam,
879 3032 1121 3096 recordabuntur
1144 3029 1230 3095 Galli

104 3133 240 3216 priorem
261 3130 455 3196 libertatem:
485 3130 626 3196 deserent
647 3129 719 3196 illos
741 3131 835 3196 ceteri
859 3127 1017 3206 Germani,
1047 3129 1112 3190 tem
1135 3146 1229 3208 qnam

63 3241 66 3248 '
105 3249 204 3315 nuper
226 3229 318 3313 Usipi
345 3228 551 3313 reliquerunt.
595 3247 651 3294 nec
673 3229 842 3312 quicquam
864 3227 949 3292 ultra
970 3224 1159 3292 formidinis:
1182 3244 1231 3289 ra·
1248 3234 1285 3286 20

107 3347 164 3394 oua
186 3326 328 3405 castella,
357 3345 467 3391 senum
497 3326 644 3410 coloniae,
674 3325 755 3390 inter
777 3325 859 3389 male
884 3323 1087 3408 parentes'et
1115 3324 1231 3388 iniuste

107 3425 295 3509 imperantes
328 3443 421 3510 aegra
457 3423 629 3508 municipia
665 3426 696 3489 et
729 3422 946 3488 discordantia.
990 3422 1042 3486 hic
1075 3421 1146 3500 dur,
1179 3421 1231 3486 hic

109 3523 277 3588 exercitus:
298 3521 345 3587 ibi
377 3521 498 3587 tributa
520 3523 553 3586 et
575 3521 704 3586 metalla
733 3523 764 3585 et
793 3522 912 3585 ceterae
933 3519 1135 3584 servientium
1164 3537 1232 3601 poe

111 3637 176 3699 nae,
196 3638 274 3702 quas
294 3619 328 3683 in
346 3621 506 3685 aeternnm
522 3619 727 3702 perterreant
748 3618 856 3682 statim
871 3617 981 3684 ulcisci
997 3617 1030 3680 tn
1052 3617 1110 3680 hoc
1125 3634 1233 3698 campo

112 3721 165 3784 est.
210 3716 337 3802 proinde
365 3717 442 3782 ituri
475 3717 510 3781 in
537 3717 635 3782 aciem
668 3716 701 3781 et
728 3716 860 3781 maiores
889 3717 1005 3781 vestros
1037 3718 1069 3779 et
1098 3715 1233 3798 posteros
1250 3723 1288 3776 25

113 3816 284 3902 wgltaiea

547 3913 642 3955 Diroorro
655 3911 677 3954 ai
691 3910 796 3964 Agricola.

176 3984 327 4049 XXXIII.
341 3984 492 4068 Excepere
503 3984 672 4050 orationem
685 3981 812 4062 alacres,
824 3985 861 4047 nt
873 3981 1012 4048 barbaris
1024 3981 1127 4057 moris,
1139 3983 1233 4046 centn

1166 4129 1181 4169 4
