2890 4570
713 196 854 254 -10..

222 342 414 410 commercio.
457 340 639 408 memoriam
673 357 794 422 quoque
825 338 925 424 ipsam
958 357 1029 404 cum
1061 357 1133 406 voce
1159 339 1340 424 perdidisse·

221 461 301 520 mus,
324 442 350 506 si
371 442 436 505 tam
458 440 492 506 in
513 439 617 505 nostra
638 437 788 522 potestate
810 439 891 504 esset
903 437 1045 504 oblivisci
1068 457 1162 521 quam
1184 441 1295 505 tacere.
1442 435 1443 446 ’

353 607 364 648 1
377 604 442 658 templ
455 604 477 647 di
490 603 558 648 ilem
570 616 583 646 s
596 601 686 646 'inimo
699 603 829 656 permotione
843 602 864 644 di
876 603 965 646 scrivere
978 602 1000 645 la
1013 603 1057 645 rita
1071 603 1091 646 di
1104 603 1209 657 Agricola.

307 694 365 760 ΙΙΙ.
389 693 480 759 Nunc
494 692 620 758 demum
643 691 724 757 redit
746 691 885 769 animus;
907 694 938 758 et
954 709 1142 776 quamquam
1165 692 1265 777 primo
1280 695 1339 760 sta·

222 793 281 859 tim
302 791 475 859 beatissimi
497 791 613 856 saeculi
635 791 705 856 ortu
728 789 830 856 Nerva
852 789 962 856 Caesar
995 808 1043 856 res
1064 790 1140 855 olim
1162 790 1339 858 dissociabi-

221 890 266 956 les
287 888 458 968 miscuerit,
478 888 686 972 principatum
720 907 756 954 ac
787 887 974 968 libertatem,
996 889 1170 973 augeatque
1199 889 1339 971 quotidie

222 988 404 1056 felicitatem
431 988 608 1072 temporum
642 985 744 1052 Nerva
777 986 939 1063 Traianus,
973 1004 1028 1052 nec
1060 1005 1145 1070 spem
1179 986 1269 1053 modo
1302 1008 1338 1054 ac

186 1089 328 1155 5votum
350 1086 501 1154 securitas
521 1085 657 1176 publica,
680 1084 732 1150 sed
754 1084 853 1169 ipsius
876 1085 938 1151 voti
960 1084 1106 1151 fiduciam
1129 1104 1165 1150 ac
1179 1087 1273 1152 robur
1288 1086 1338 1153 ad·

221 1184 397 1270 sumpserit,
420 1185 532 1250 natura
547 1185 651 1248 tamen
666 1182 860 1248 infirmitatis
876 1184 1029 1248 humanae
1046 1182 1182 1248 tardiora
1204 1187 1277 1250 sunt
1294 1204 1338 1250 re·

220 1281 324 1348 media
346 1299 440 1364 qnam
462 1280 560 1356 mala;
582 1279 615 1346 et
634 1280 672 1345 ut
693 1297 818 1364 corpora
840 1281 943 1346 nostra
964 1279 1047 1346 lente
1073 1283 1253 1366 augescunt,
1276 1282 1337 1347 cito

221 1380 454 1465 extinguuntur,
477 1379 522 1443 sic
543 1377 669 1464 ingenia
690 1376 855 1460 studiaque
877 1377 1062 1461 oppresseris
1093 1377 1216 1444 facilius
1242 1399 1336 1462 quam
1442 1417 1443 1428 κ

221 1477 421 1543 revocaveris:
455 1475 541 1542 subit
573 1476 687 1561 quippe
722 1475 818 1541 etiam
850 1476 949 1560 ipsius
981 1475 1111 1542 inertiae
1144 1476 1282 1556 dulcedo,
1305 1479 1337 1542 et
1442 1507 1443 1546 ;

171 1592 204 1646 10
221 1576 321 1641 inrisa
343 1574 443 1659 primo
465 1573 583 1640 desidia
602 1575 755 1659 postremo
778 1575 910 1639 amatur.
955 1573 1051 1657 quid?
1080 1574 1107 1639 si
1136 1594 1190 1658 per
1211 1572 1335 1657 quinde·
1442 1571 1443 1586 ¹

221 1673 283 1739 eim
306 1692 408 1749 anuos,
431 1672 545 1760 grande
578 1671 719 1738 mortalis
741 1672 807 1738 aeri
830 1672 977 1756 spatium,
1001 1672 1094 1737 multi
1127 1671 1264 1738 fortuitis
1285 1691 1335 1736 ea·
1442 1675 1443 1752 1

221 1771 317 1851 sibus,
339 1771 589 1856 promptissimus
610 1770 742 1854 quisque
764 1771 894 1836 saevitia
922 1770 1072 1854 principis
1103 1769 1336 1851 interciderunt,

221 1869 323 1952 pauci,
345 1870 382 1934 ut
402 1869 449 1933 ita
470 1868 610 1947 dixerim,
632 1886 692 1934 non
714 1867 803 1933 modo
825 1867 958 1933 aliorum
980 1868 1033 1933 sed
1055 1868 1150 1933 etiam
1172 1868 1268 1933 nostri
1290 1888 1338 1933 su·

221 1966 364 2050 perstites
386 1984 503 2044 sumus,
525 1965 675 2049 exemptis
707 1985 723 2031 a
756 1965 858 2031 media
882 1966 948 2031 vita
969 1967 1016 2030 tot
1037 1965 1134 2042 annis,
1158 1966 1271 2048 quibus
1293 1967 1338 2032 iu·
1442 1985 1443 1990 ’

173 2085 204 2139 15
221 2084 312 2131 venes
348 2063 387 2128 ad
419 2063 618 2142 senectutem,
641 2082 727 2128 senes
760 2082 852 2149 prope
886 2063 924 2128 ad
956 2063 1038 2148 ipsos
1070 2066 1193 2129 erectae
1226 2064 1338 2130 aetatis

222 2162 368 2228 terminos
400 2180 454 2246 per
486 2160 648 2226 silentium
679 2160 828 2227 venimus.
873 2162 1058 2227 nontamen
1081 2161 1339 2248 pigebitvelin·
1442 2203 1443 2208 κ

221 2260 343 2326 condita
365 2278 401 2325 ac
423 2258 493 2324 rudi
516 2278 587 2325 voce
610 2259 790 2325 memoriam
822 2260 933 2344 prioris
964 2259 1124 2325 servitutis
1146 2279 1180 2324 ac
1203 2260 1340 2326 testimo·
1442 2275 1443 2326 i

221 2359 308 2423 nium
345 2357 554 2442 praesentium
590 2358 738 2422 bonorum
771 2358 984 2441 composuisse.
1029 2358 1080 2422 hic
1101 2357 1226 2422 interim
1258 2357 1340 2424 liber
1442 2379 1443 2382 ¹

221 2457 326 2524 honori
359 2454 521 2543 Agricolae
553 2455 648 2521 soceri
682 2455 742 2520 mei
781 2455 962 2535 destinatus,
995 2455 1180 2539 professione
1212 2455 1340 2540 pietatis

171 2576 205 2629 20
222 2556 278 2620 aut
299 2555 446 2620 laudatus
468 2553 529 2620 erit
550 2555 605 2619 ant
626 2554 797 2620 excusatus.

548 2703 642 2754 Narelia,
656 2702 788 2754 adsessione,
802 2703 857 2746 studi
872 2701 893 2745 dl
906 2702 1011 2757 Agricola.

307 2792 361 2857 lV.
386 2790 509 2858 Gnaeus
531 2792 633 2857 Iulius
655 2791 811 2878 Agricola,
834 2795 934 2858 vetare
952 2793 984 2858 et
1005 2792 1131 2857 inlustri
1149 2792 1339 2858 Foroiulien·

222 2891 303 2956 sium
326 2890 445 2956 colonia
476 2891 571 2970 ortus,
593 2891 760 2972 utrumqne
793 2909 885 2956 avum
919 2890 1146 2974 procuratorem
1172 2890 1339 2956 Caesarum

172 2997 187 3036 0
222 2988 343 3067 habuit,
365 3007 443 3071 quae
465 2987 616 3070 equestris
637 2987 784 3054 nobilitas
806 2988 861 3054 est.
884 2990 971 3072 pater
984 2988 1033 3051 illi
1053 2988 1154 3055 lulius
1170 2987 1341 3056 Graecinus

222 3086 366 3154 senatorii
399 3085 524 3169 ordinis,
547 3086 650 3152 studio
684 3087 876 3170 eloquentiae
909 3087 1139 3170 sapientiaeque
1161 3088 1261 3168 notus,
1283 3087 1340 3153 iis·
1442 3089 1443 3176 ἦ

187 3204 282 3270 sque
303 3187 380 3270 ipsis
402 3186 572 3253 virtutibus
603 3187 682 3250 iram
716 3184 775 3251 Gai
809 3185 948 3253 Caesaris
969 3185 1115 3252 meritus:
1139 3205 1271 3270 namque
1295 3186 1338 3252 M.
1442 3191 1443 3198 ’

223 3284 365 3349 Silanum
398 3302 540 3349 accusare
572 3283 675 3350 iussus
708 3286 749 3364 et,
779 3284 854 3369 quia
886 3285 1045 3363 abnuerat,
1068 3283 1248 3349 interfectus
1281 3285 1338 3351 est.

223 3383 320 3448 mater
342 3382 425 3454 Iulia
446 3381 582 3448 Procilla
604 3381 674 3462 fuit,
697 3399 783 3447 rarae
804 3382 966 3448 castitatis.
987 3382 1020 3446 in
1035 3383 1130 3447 huius
1151 3382 1221 3446 sinu
1237 3381 1339 3448 indul·

221 3480 388 3567 gentisque
424 3481 571 3547 educatus
603 3499 657 3563 per
690 3499 811 3546 omnem
843 3482 1040 3547 honestarum
1073 3479 1189 3546 artium
1216 3481 1337 3547 cultum
1442 3483 1443 3492 ’

221 3579 388 3664 pueritiam
421 3577 723 3662 adulescentiamque
757 3579 916 3664 transegit.
950 3579 1073 3644 arcebat
1105 3597 1177 3644 eum
1203 3579 1242 3643 ab
1264 3579 1340 3644 inle-

172 3697 204 3752 10
222 3678 320 3744 cebris
341 3676 535 3760 peccantium
557 3680 678 3760 praeter
701 3676 798 3760 ipsius
820 3677 931 3744 bonam
952 3677 1167 3761 integramque
1184 3678 1338 3758 naturam,

222 3775 303 3858 quod
324 3775 432 3841 statim
454 3774 602 3858 parvulus
624 3776 727 3842 sedem
753 3794 788 3840 ac
823 3776 1004 3860 magistram
1028 3775 1202 3841 studiorum
1232 3775 1338 3840 Massi·

221 3874 297 3938 liam
320 3873 441 3950 habuit,
464 3874 567 3938 locum
601 3872 717 3940 Graeca
750 3873 895 3940 comitate
928 3874 959 3938 et
984 3873 1166 3958 provinciali
1189 3872 1338 3957 parsimo
1442 3925 1443 3946 ,

221 3971 274 4038 nia
306 3972 438 4040 mixtum
474 3990 511 4037 ac
538 3971 614 4038 bene
646 3971 860 4058 compositum.
906 3973 1054 4038 memoria
1086 3973 1174 4038 teneo
1210 3971 1337 4038 solitum
