2938 4558
635 210 777 263 ..23-

147 353 237 418 ducis
260 352 355 416 uictos
380 350 451 426 rati,
484 348 566 413 nihil
599 367 634 414 er
661 348 842 433 adrogantia
875 346 1042 423 remittere,
1073 365 1134 429 quo
1164 349 1268 414 minus

148 451 340 516 iuventutem
364 447 528 524 armarent,
552 446 698 531 coniuges
719 464 755 510 ac
769 445 883 512 Itberos
904 446 937 509 in
952 444 1020 511 loca
1035 445 1104 510 tuta
1125 444 1268 510 transfer-

147 550 224 623 rent,
240 545 378 612 coetibus
400 563 436 609 ac
455 543 616 610 sacrificiis
638 542 894 626 conspirationem
916 541 1080 608 civitatum
1103 542 1266 608 sancirent.
1287 550 1320 603 10

147 648 240 728 atque
264 644 308 708 Ita
330 642 463 708 irritatis
485 642 643 724 utrimque
666 640 779 704 animis
801 640 980 705 discessum.

502 790 622 832 Avventnre
635 789 700 830 d'uns
713 789 784 830 coorta
797 787 818 829 di
831 788 907 839 Ueipii.

232 880 381 944 XXVIII.
413 878 528 943 lladem
551 881 667 942 aestate
690 877 797 941 colrors
819 876 986 959 Usiporum
1008 895 1063 960 per
1086 875 1268 940 (tenuandas

144 979 319 1062 conscripta
347 979 378 1043 et
399 978 432 1041 in
454 976 651 1040 BritannIam
681 974 863 1039 transmissa
889 993 1037 1059 magnum
1060 992 1096 1038 ac
1118 992 1268 1039 memora-

145 1077 209 1144 bile
232 1076 352 1141 facinus
381 1093 457 1139 ausa
479 1076 535 1138 est.
579 1072 677 1138 occiso
706 1071 883 1137 centurione
906 1090 941 1136 ac
964 1070 1130 1149 miliiibus,
1153 1071 1206 1152 qui
1230 1070 1268 1136 ad

145 1174 327 1240 tradendam
361 1171 559 1255 disciplinam
591 1169 728 1234 immixti
762 1169 931 1253 manipulis
963 1167 1137 1251 exemplum
1169 1169 1200 1233 et
1226 1189 1268 1234 re-

147 1276 247 1338 ctores
276 1270 480 1346 habebantur,
510 1268 568 1333 tris
589 1266 761 1332 liburnicas
794 1266 912 1331 adactis
942 1285 996 1349 per
1025 1267 1090 1331 va
1116 1267 1303 1351 guberna-5

149 1369 268 1434 toribus
299 1366 474 1441 ascendam
504 1367 535 1431 et
559 1383 620 1430 uno
653 1363 862 1448 remigante,
896 1363 1046 1447 suspectis
1079 1363 1199 1429 duobus
1225 1383 1269 1429 eo

149 1485 209 1549 que
231 1464 410 1541 interfectis,
440 1462 576 1527 nondum
603 1460 731 1546 vulgato
758 1479 880 1527 rumore
909 1462 947 1526 ut
971 1460 1160 1526 miraculum
1182 1481 1270 1545 prae·

147 1563 349 1629 vehebantur.
370 1580 440 1627 mox
462 1561 501 1624 ad
523 1558 700 1642 aquandum
724 1558 817 1640 atque
839 1559 934 1622 utilia
954 1560 1078 1642 raptum
1102 1559 1215 1643 egressi
1239 1560 1270 1624 et

148 1681 220 1727 curn
243 1660 398 1744 plerisque
413 1658 634 1722 Britannorum
657 1675 713 1720 sua
731 1654 959 1721 defensantium
978 1655 1094 1740 proelio
1116 1657 1269 1741 congressi

150 1778 186 1822 ac
214 1776 302 1842 saepe
330 1757 471 1830 victores,
498 1753 665 1837 aliquando
694 1753 788 1836 pulsi,
816 1772 850 1818 eo
880 1753 919 1817 ad
945 1755 1115 1818 extremum
1148 1753 1269 1836 inopiae
1288 1766 1322 1820 10

150 1873 267 1931 venere,
291 1857 327 1919 ut
358 1852 585 1917 infirmissimos
617 1870 753 1930 suorum,
783 1869 852 1916 mor
874 1852 954 1916 sorte
976 1850 1083 1916 ductos
1115 1869 1270 1916 vesceren-

149 1955 211 2017 tur.
249 1955 342 2033 atque
364 1951 410 2015 ita
436 1947 635 2015 circumvecti
662 1948 868 2026 BrItanniam‚
892 1948 1015 2014 amissis
1038 1968 1091 2032 per
1112 1948 1269 2013 inscitiam

149 2047 277 2133 regendi
310 2047 450 2124 navibus,
483 2065 537 2130 pro
563 2045 769 2130 praedonibus
794 2046 905 2122 habiti,
938 2046 1076 2129 primum
1103 2066 1121 2110 a
1151 2045 1270 2124 Suebis,

148 2165 220 2211 mor
242 2164 261 2209 a
281 2145 393 2210 Frisiis
425 2143 588 2227 Intercepti
611 2145 693 2208 sunt.
738 2162 773 2207 ac
795 2143 880 2208 fuere
906 2163 983 2226 quos
1008 2164 1062 2227 per
1087 2144 1271 2209 commercia

147 2242 351 2310 venumdatos
376 2244 408 2307 et
429 2241 462 2304 in
484 2244 620 2308 nostram
649 2259 748 2324 usque
778 2241 879 2324 ripam
903 2242 1073 2307 mutatione
1100 2241 1270 2307 ementium
1290 2258 1323 2312 15

150 2341 298 2406 adductos
319 2339 471 2404 indiqum
494 2339 574 2403 tanti
598 2357 687 2403 casus
709 2338 900 2404 inlustravit.

266 2504 363 2557 Agricola
376 2504 438 2556 perde
452 2517 479 2545 un
494 2503 557 2556 flino.
573 2503 687 2546 L'eseroito
701 2515 785 2545 romano
798 2516 810 2545 e
824 2504 924 2546 brItanno
937 2503 958 2546 el
972 2504 1042 2547 monte
1057 2503 1154 2556 (irrupto.

234 2590 351 2656 XXIX.
364 2591 459 2656 Initio
470 2590 596 2656 aestatis
608 2590 754 2675 Agricola
769 2590 936 2657 domestico
947 2592 1072 2657 vulnere
1084 2593 1176 2670 letne,
1193 2610 1272 2657 anno

152 2693 221 2755 ante
236 2691 346 2754 natum
361 2688 465 2753 filium
486 2687 602 2753 amisit.
626 2707 718 2770 quem
741 2706 847 2754 casum
870 2708 969 2772 neque
991 2693 1028 2754 ut
1054 2690 1193 2774 plerique
1216 2690 1272 2756 for·
1372 2722 1376 2728 ·

149 2788 232 2854 tium
254 2787 390 2852 virorum
412 2785 585 2872 ambitiose,
608 2803 707 2868 neque
740 2805 793 2868 per
822 2786 959 2851 lamenta
981 2807 1088 2852 rursus
1121 2807 1156 2852 ac
1189 2806 1273 2852 mae·

150 2904 251 2951 rorem
273 2883 472 2949 muliebriter
486 2882 577 2949 tulit:
600 2885 631 2948 et
649 2883 681 2947 in
697 2883 785 2948 luctu
808 2883 927 2949 bellum
950 2885 1031 2950 inter
1046 2885 1182 2951 remedia
1196 2887 1271 2950 erat.

151 2983 252 3068 igitur
273 2981 442 3065 praemissa
464 2981 571 3058 classe,
594 3000 672 3063 quae
694 2982 838 3065 pluribus
857 2982 932 3048 Iocis
954 2982 1101 3064 praedata
1123 3003 1271 3068 magnum
1291 3003 1308 3054 5

149 3080 184 3144 et
211 3080 365 3146 Incertum
393 3080 539 3144 terrorem
570 3078 693 3154 faceret,
723 3078 863 3162 expedito
892 3079 1037 3157 exercitu,
1068 3080 1119 3144 cui
1142 3099 1177 3145 er
1206 3081 1273 3145 Bri-

149 3175 255 3242 tannis
291 3175 474 3242 fortissimos
510 3178 542 3241 et
576 3174 669 3260 longa
705 3194 779 3260 pace
817 3176 987 3260 exploratos
1027 3175 1197 3256 addiderat,
1235 3177 1273 3241 ad

150 3275 288 3339 montem
311 3271 485 3357 Graupium
508 3273 656 3357 pervenit,
680 3292 772 3355 quem
795 3273 858 3338 Iam
881 3273 978 3339 hostis
1000 3274 1163 3340 insederat.
1201 3293 1273 3339 nam

150 3370 295 3436 Britanni
327 3371 407 3435 nihil
436 3370 527 3436 tracti
559 3389 680 3456 pugnae
702 3371 813 3454 prioris
845 3373 968 3449 eventu,
991 3372 1023 3436 et
1045 3372 1196 3438 ultionem
1220 3375 1276 3437 aut

150 3467 314 3534 servitium
344 3469 546 3551 expectantes,
576 3467 763 3551 tandemque
799 3468 880 3535 docti
911 3487 1072 3535 commune
1100 3470 1327 3553 partculum10

152 3565 312 3632 concordia
341 3565 592 3649 propulsandum,
625 3565 834 3651 legationibus
866 3567 898 3630 et
930 3566 1102 3632 foederibus
1135 3568 1275 3633 omnium

151 3662 318 3728 civitatum
340 3653 420 3728 vires
452 3662 635 3728 exciverant.
666 3664 791 3745 iamque
825 3683 917 3746 super
949 3663 1081 3750 triginta
1114 3665 1204 3729 milia
1231 3684 1275 3730 ar-

151 3760 308 3824 matorum
341 3760 580 3844 aspictebantur,
613 3763 645 3826 et
674 3760 776 3826 adhuc
809 3761 966 3826 adfluebat
999 3762 1098 3827 omnis
1130 3763 1275 3828 iuventus

151 3855 320 3939 atquibus
343 3856 438 3922 cruda
468 3876 503 3924 ac
529 3857 638 3922 viridis
660 3860 810 3936 senectus,
842 3858 919 3923 clari
949 3858 1031 3924 bello
1062 3862 1094 3924 et
1116 3853 1171 3924 sua
1194 3861 1275 3942 quis·

153 3971 213 4035 qeu
236 3951 344 4020 decora
372 3958 538 4039 gestantes,
568 3974 638 4019 cum
662 3954 743 4020 inter
770 3957 875 4039 plures
904 3954 997 4022 duces
1025 3957 1140 4022 virtute
1171 3959 1203 4022 et
1224 3977 1277 4042 ge·
1296 3962 1329 4018 15
