2890 4570
7 3971 9 4058 t

588 229 728 284 ...31-

91 374 219 439 cunctis
247 373 385 457 vigorem
417 372 450 435 et
476 369 681 435 constantiam
711 372 743 434 ot
768 371 927 453 expertum
958 369 1050 435 bellis
1079 371 1220 436 animum

94 490 170 536 cum
198 469 312 534 inertia
345 470 377 534 et
401 467 567 533 formidine
599 486 715 545 eorum,
738 467 852 549 quibos
884 468 1038 533 exercitus
1070 470 1222 534 committi

93 569 242 634 solerent.
287 567 400 649 quibus
429 565 622 630 sermonibus
652 565 728 629 satis
750 566 870 630 constet
895 566 1068 631 Domitiani
1099 584 1222 651 quoque
1242 583 1274 637 15

95 685 188 732 aures
210 664 396 742 verberatas,
418 663 494 728 dum
523 662 659 746 optimus
689 663 820 746 quisque
849 663 1033 730 libertorum
1063 683 1165 731 amore
1191 667 1223 731 et

93 765 166 843 fide,
190 763 318 846 pessimi
349 761 547 846 malignitate
576 762 608 826 at
628 761 725 826 livore
746 779 877 843 pronum
907 761 1112 828 deterioribus
1141 762 1222 846 prin·

92 865 197 946 cipem
228 859 480 926 exstimulabant
525 859 570 923 sio
592 857 739 942 Agricola
767 858 862 924 simul
889 859 954 924 suis
982 860 1162 941 virtutibus,
1185 862 1223 927 si-

93 960 163 1026 mul
188 958 277 1024 vitiis
299 957 432 1022 aliorum
454 957 487 1021 in
508 957 609 1039 ipsam
631 956 764 1041 gloriam
785 973 931 1040 praeceps
953 959 1112 1042 agebatur.

438 1100 444 1110 '
474 1118 570 1171 egeam
584 1118 655 1160 :roua
667 1118 684 1160 u
697 1119 849 1170 prociona.

184 1207 349 1273 XXXXII.
373 1206 491 1273 Aderat
512 1207 575 1271 iam
591 1225 699 1285 annus,
716 1226 776 1290 quo
790 1207 1038 1291 prooonsolatum
1053 1209 1177 1274 Africae
1192 1210 1224 1275 at

99 1307 196 1372 Asiae
217 1305 388 1380 sortiretur,
410 1306 442 1370 et
473 1305 571 1371 occiso
604 1304 711 1371 Civica
739 1324 836 1388 nuper
868 1325 925 1372 nec
957 1305 1121 1392 Agricolae
1153 1325 1223 1374 con·

102 1406 212 1470 silium
244 1403 348 1470 deerat
381 1422 436 1469 nec
468 1403 648 1469 Domitiano
680 1403 865 1488 exemplum.
910 1423 1062 1472 accessere
1096 1405 1224 1490 quidam

102 1503 326 1588 cogitationum
359 1500 508 1585 principis
540 1499 644 1584 periti,
672 1501 726 1584 qui
759 1501 901 1567 iturusne
934 1505 1015 1569 esset
1046 1503 1079 1568 in
1106 1505 1226 1588 provin·

99 1601 183 1667 ciam
205 1599 289 1666 ultro
305 1598 483 1684 Agricolam
507 1598 741 1684 interrogarent.
786 1619 822 1664 ac
843 1600 944 1682 primo
967 1601 1120 1666 occultius
1142 1602 1225 1684 quia·
1244 1619 1261 1671 5

100 1703 163 1764 tem
187 1701 221 1764 et
242 1699 343 1763 otium
372 1696 511 1776 laudare,
539 1715 608 1762 mor
635 1716 759 1780 operam
786 1716 874 1761 suam
901 1697 934 1761 in
958 1697 1154 1780 adprobanda
1176 1718 1224 1762 ex·

104 1797 260 1862 cusatione
292 1795 408 1870 offerre,
436 1796 588 1878 postremo
617 1801 676 1860 non
698 1795 762 1859 iam
785 1795 907 1859 obscuri
937 1794 1101 1860 suadentes
1130 1794 1226 1860 simul

104 1896 315 1976 terrentesque
347 1893 519 1976 pertraxere
551 1893 592 1958 ad
625 1893 851 1958 Domitianum.
895 1893 949 1976 qui
976 1894 1103 1978 paratus
1129 1893 1226 1959 simu·

102 1993 228 2070 latione,
261 1991 296 2055 in
328 1990 542 2076 adrogantiam
579 1991 774 2074 compositus,
807 1993 839 2056 et
871 1990 974 2058 audiit
1004 2011 1109 2075 preces
1138 2011 1226 2058 ercu-

102 2091 201 2156 santis
223 2092 265 2167 et,
289 2108 361 2154 cum
383 2087 551 2168 adnuisset,
574 2089 625 2174 agi
649 2089 709 2154 sibi
732 2089 849 2173 gratias
871 2109 979 2174 passus
1001 2093 1058 2171 ost,
1080 2111 1136 2156 noc
1158 2092 1280 2156 cru-10

103 2189 172 2254 buit
198 2185 343 2252 beneficii
375 2185 502 2251 inuidia.
546 2185 694 2250 salarium
722 2189 827 2252 tamen
856 2189 1071 2270 proconsulare
1099 2188 1228 2254 solitum

101 2285 205 2351 offerri
233 2292 266 2349 et
292 2282 477 2367 quibusdam
506 2303 577 2349 ase
606 2284 672 2368 ipso
702 2303 879 2351 concessum
908 2285 1072 2370 Agricolae
1098 2303 1158 2350 non
1181 2283 1229 2350 de·

102 2385 159 2464 dit,
190 2384 256 2448 sivo
284 2383 415 2448 offensus
444 2401 504 2447 non
534 2383 679 2465 petitum,
706 2383 769 2448 sive
796 2403 832 2448 ox
859 2383 1055 2462 conscientia,
1082 2403 1120 2448 ne
1147 2383 1229 2466 quod

103 2483 246 2546 vetuerat
261 2480 416 2545 videretur
431 2481 553 2546 emisse.
596 2481 755 2564 proprium
771 2483 901 2546 humani
924 2480 1043 2566 ingenii
1065 2483 1112 2545 est
1128 2480 1228 2545 odisse

104 2598 199 2663 quam
226 2579 368 2643 laeseris:
403 2578 577 2643 Domitiani
607 2580 815 2644 seronatum
843 2597 988 2663 praeceps
1018 2579 1050 2643 in
1078 2579 1167 2657 iram,
1198 2580 1230 2643 et
1249 2593 1282 2646 15

105 2696 165 2760 quo
201 2675 369 2754 obscurior,
411 2694 447 2740 eo
484 2676 728 2756 irrevocabilia,
772 2675 980 2742 moderatione
1019 2683 1123 2742 tamen
1160 2697 1229 2760 pru·

105 2775 273 2856 dentisque
303 2773 465 2859 Agricolae
497 2773 683 2853 leniebatur,
716 2773 790 2858 quia
820 2793 878 2840 non
907 2776 1102 2840 contumacia
1131 2794 1230 2858 neque

105 2872 192 2937 inani
211 2871 376 2936 iactatione
391 2871 547 2936 libertatis
570 2871 685 2937 famam
708 2871 871 2956 latumque
893 2873 1087 2956 provocabat.
1120 2873 1229 2951 sciant,

106 2970 223 3052 quibus
244 2969 338 3034 moris
367 2971 414 3034 est
435 2968 558 3034 inlicita
580 2968 698 3049 mirari,
728 2988 815 3053 posse
837 2970 933 3036 etiam
955 2971 1014 3035 sub·
1035 2971 1128 3036 malis
1150 2972 1231 3054 prin·

106 3068 230 3152 cipibus
259 3084 385 3152 magnos
411 3067 492 3132 viros
521 3086 596 3146 esse,
632 3067 876 3151 obsequiumque
911 3087 946 3132 ac
979 3068 1174 3146 modestiam,
1204 3067 1229 3131 si
1249 3083 1283 3137 20

106 3164 264 3230 industria
292 3182 327 3228 ac
350 3165 436 3249 vigor
466 3163 579 3243 adsint,
609 3183 644 3230 eo
665 3165 769 3231 laudis
799 3164 969 3243 escendere,
1001 3182 1061 3248 quo
1089 3162 1230 3247 plerique

106 3283 159 3346 per
193 3263 336 3346 abrupta,
369 3261 422 3327 sed
454 3261 487 3326 in
516 3263 641 3327 nullum
675 3263 719 3328 rei
753 3261 896 3346 publicae
929 3281 1032 3342 usum,
1066 3261 1231 3328 ambitiosa

109 3361 207 3426 morte
228 3360 452 3425 inclaruerunt.

263 3509 331 3551 lerto
343 3509 365 3551 di
379 3509 490 3563 Agricola
503 3510 596 3562 marco
609 3510 803 3553 d'srvelanamento
816 3523 829 3552 e
842 3511 947 3564 cordoglio
960 3511 1085 3554 nntransle.

176 3594 360 3661 XXXXIII.
373 3596 461 3662 Finis
475 3597 558 3663 vitae
570 3598 638 3663 eius
650 3598 737 3664 nobis
751 3598 924 3677 luctuosus,
934 3599 1045 3664 amicis
1059 3597 1170 3676 tristis,
1182 3617 1232 3662 ex·

110 3693 226 3758 traneis
248 3693 343 3759 etiam
365 3694 542 3779 ignotisque
563 3713 623 3761 non
658 3695 724 3761 sina
756 3714 831 3760 cura
865 3695 936 3761 fuit.
975 3695 1088 3782 vulgus
1110 3713 1231 3778 quoquc

109 3794 141 3855 et
162 3793 215 3856 hic
237 3791 324 3855 aliud
353 3810 447 3876 agens
474 3792 607 3876 populus
636 3796 668 3858 at
689 3793 879 3859 ventitavere
908 3793 947 3858 ad
977 3793 1104 3859 domum
1126 3793 1159 3859 at
1180 3812 1234 3876 per

111 3889 175 3953 lora
197 3891 229 3953 et
250 3887 383 3954 circulos
404 3890 501 3957 locuti
524 3892 614 3968 sunt3
636 3891 879 3973 necquicquam
901 3891 1010 3957 audita
1032 3892 1129 3956 morte
1145 3890 1234 3974 Agri·

111 3985 195 4050 colae
218 3987 276 4050 aut
295 3985 430 4052 laetatus
453 3992 500 4053 est
522 3989 578 4053 aut
603 3988 712 4054 statim
734 3987 859 4054 oblitus.
905 3987 1040 4074 augebat
1066 3986 1233 4052 miseratio·
1253 3999 1270 4051 5
