2890 4570
631 165 832 248 ’46-

199 334 388 415 fremituque
411 333 442 398 et
467 332 655 396 clamoribus
680 331 820 398 dissonis.
855 334 980 416 iamque
1010 335 1136 420 agmina
1170 337 1202 402 et
1224 355 1325 404 armo·

200 452 270 498 rum
296 431 431 516 fulgores
453 429 669 495 audentissimi
699 430 848 514 cuiusque
870 451 1035 516 procursu:
1065 433 1161 499 simul
1188 434 1326 502 instrue·

200 529 293 596 batur
321 529 411 608 acies,
441 546 512 594 cum
540 527 687 612 Agricola
719 547 909 612 quamquam
937 531 1056 596 laetum
1085 533 1118 596 et
1147 531 1196 598 rix
1222 534 1327 597 muni-

166 627 314 694 5mentis
343 627 509 692 coercitum
533 625 667 691 militem
696 626 923 694 accendendum
947 627 1048 694 adbuc
1070 631 1166 709 ratus,
1195 630 1240 694 ita
1263 630 1327 696 dis·

201 726 312 792 seruit:
328 724 504 808 «septimus
519 743 618 790 annus
633 726 689 803 est,
705 724 941 804 commilitones,
957 746 992 791 ex
1008 745 1068 809 quo
1084 727 1198 793 virtute
1211 732 1327 809 vestra,

201 822 350 906 auspiciis
371 823 494 906 imperii
517 822 659 901 Romani,
682 821 742 888 fide
764 823 858 906 atque
880 841 971 905 opera
992 827 1096 890 nostra
1125 825 1326 892 Britanniam

201 921 331 987 vicistis.
375 923 423 986 tot
451 919 704 1005 expeditionibus,
737 921 783 985 tot
808 920 944 1004 proeliis,
978 940 1032 987 seu
1061 921 1243 988 fortitudine
1274 924 1328 988 ad-

202 1038 307 1085 versus
333 1018 430 1084 hostis
460 1037 513 1084 sen
542 1018 694 1102 patientia
723 1036 758 1082 ac
788 1017 891 1084 labore
924 1038 1019 1102 paene
1048 1018 1194 1086 adversus
1221 1021 1325 1105 ipsam

152 1123 184 1178 10
202 1136 305 1182 rernm
328 1119 473 1182 naturam
495 1135 571 1199 opus
585 1115 657 1195 fuit,
679 1133 778 1199 neque
801 1135 851 1181 me
873 1116 1012 1182 militum
1036 1135 1135 1200 neque
1158 1136 1211 1183 vos
1232 1117 1326 1184 ducis

201 1215 365 1300 paenituit.
411 1232 483 1298 ergo
516 1214 638 1298 egressi,
673 1232 729 1297 ego
763 1216 901 1280 veterum
939 1215 1123 1300 legatorum,
1157 1234 1209 1282 ros
1241 1217 1326 1300 prio·

111 1381 113 1386 ,
160 1347 161 1352 1
202 1333 272 1377 rum
305 1313 496 1377 exercituum
530 1311 687 1390 terminos,
720 1309 813 1376 finem
846 1311 1026 1378 Britanniae
1060 1331 1118 1379 non
1152 1313 1235 1379 fama
1269 1333 1327 1380 nec

202 1427 335 1488 rumore,
362 1410 415 1475 sed
437 1409 546 1474 castris
574 1409 606 1474 et
632 1408 726 1474 armis
753 1411 910 1476 tenemus:
945 1410 1070 1476 inventa
1100 1411 1266 1477 Britannia
1294 1415 1328 1479 et

202 1509 339 1573 subacta.
383 1507 527 1590 equidem
560 1525 650 1590 saepe
676 1507 708 1571 in
738 1507 870 1591 agmine,
904 1526 975 1573 oum
998 1527 1058 1588 vos
1079 1509 1208 1593 paludes
1237 1529 1326 1577 mon-

152 1609 285 1674 ratosne
308 1608 339 1672 et
368 1606 499 1672 flumina
527 1605 705 1690 fatigarent,
735 1604 896 1671 fortissimi
927 1607 1077 1690 cuiusque
1104 1626 1192 1674 voees
1222 1609 1329 1675 audie·

202 1705 289 1771 bam:
314 1704 466 1787 «quando
488 1704 614 1770 dabitur
637 1704 743 1782 hostis,
771 1703 893 1785 quando
915 1705 1046 1770 ociosi»
1072 1707 1209 1783 veniunt,
1240 1708 1329 1773 ela-

202 1803 299 1872 tebris
332 1802 397 1867 suis
430 1801 556 1880 extrusi,
590 1803 622 1866 et
649 1804 720 1866 vota
752 1801 913 1884 virtusque
946 1803 978 1867 in
1010 1805 1124 1886 aperto,
1159 1804 1327 1888 omniaque

202 1920 297 1986 prona
319 1900 488 1966 victoribus
515 1901 608 1982 atque
635 1898 741 1965 eadem
771 1899 863 1966 victis
892 1900 1028 1966 adversa.
1073 1919 1143 1966 narn
1175 1904 1211 1967 ut
1239 1921 1328 1987 supo-

202 2017 285 2063 rasse
307 1999 431 2062 tanturn
454 1996 585 2077 itineris,
608 1996 702 2062 silvas
733 1998 874 2077 erasisse,
903 1999 1049 2064 transisse
1081 1999 1237 2064 aestuaria
1259 2001 1329 2085 pul·

151 2104 184 2157 20
203 2096 312 2161 chrum
346 2114 381 2159 ac
415 2094 559 2170 decorum
592 2095 624 2158 in
658 2095 800 2174 frontem,
835 2095 880 2161 ita
906 2095 1099 2182 fugientibus
1132 2098 1328 2180 periculosis·

202 2194 282 2260 sima
313 2212 391 2278 quae
424 2192 515 2258 hodie
547 2193 752 2276 prosperrima
784 2195 873 2269 sunt3
906 2213 1005 2276 neque
1039 2194 1121 2260 enim
1148 2194 1236 2260 nobis
1270 2197 1329 2261 ant

201 2292 338 2357 locorum
361 2288 475 2356 eedem
501 2290 613 2357 notitia
643 2292 699 2356 aut
724 2293 953 2357 commeatuum
983 2291 1090 2357 eadem
1123 2291 1326 2372 abundantia,
1423 2355 1424 2360 ,

202 2389 253 2456 sed
277 2409 387 2455 manus
409 2390 441 2455 ot
463 2407 549 2454 arma
571 2391 602 2454 et
623 2390 656 2453 in
672 2388 722 2454 his
737 2390 849 2455 omnia.
884 2389 965 2472 quod
988 2389 1026 2454 ad
1050 2409 1098 2456 me
1121 2390 1244 2469 attinet,
1260 2390 1326 2456 iam

201 2487 321 2571 pridem
345 2488 423 2552 mihi
446 2486 604 2553 decretum
627 2489 674 2554 est
696 2505 794 2570 neque
824 2487 975 2552 exercitus
1005 2505 1103 2569 neque
1127 2486 1214 2552 ducis
1236 2487 1328 2573 terga
1423 2547 1424 2570 ,

150 2596 184 2650 25
202 2589 272 2650 tnta
294 2604 368 2650 esse.
412 2585 538 2668 proinde
569 2587 601 2651 ct
622 2586 750 2651 honesta
780 2604 861 2650 mors
890 2584 975 2668 turpi
998 2584 1063 2649 rita
1092 2585 1200 2666 potior,
1223 2586 1256 2650 et
1278 2587 1328 2650 in·
1423 2579 1424 2662 ]

202 2683 366 2750 columitas
389 2702 424 2748 ac
446 2682 539 2748 decus
561 2683 667 2748 eodem
697 2684 763 2749 loco
789 2683 850 2748 sita
872 2686 962 2758 sunt;
992 2700 1047 2747 nec
1069 2681 1238 2766 inglorium
1262 2683 1326 2749 fuc-
1423 2669 1424 2760 s

202 2782 244 2846 rit
265 2780 298 2844 in
321 2780 386 2863 ipso
409 2782 562 2846 terrarum
585 2799 620 2845 ac
643 2783 771 2846 naturae
793 2781 853 2846 fine
876 2780 1031 2846 cecidisse.
1047 2805 1065 2840 »

487 2893 652 2936 Continunzlone
666 2905 677 2936 s
691 2894 732 2936 flue
747 2893 781 2936 del
794 2894 885 2936 discorso
899 2893 920 2935 di
934 2893 1039 2946 Agricoln.

287 2965 432 3030 XXXIV.
449 2962 511 3031 «si
535 2983 630 3031 norae
652 2965 759 3050 gentes
782 2966 875 3048 atque
898 2964 1004 3050 ignota
1022 2964 1103 3030 acies
1124 2964 1327 3042 constitisset,
1423 2953 1424 2956 ¹

202 3064 334 3132 aliorum
365 3064 555 3130 exercituum
590 3062 736 3146 exemplis
766 3081 818 3128 vos
847 3061 1001 3128 hortarer:
1035 3080 1117 3126 nunc
1142 3062 1244 3127 vestra
1273 3062 1327 3128 de-

201 3182 271 3228 cora
308 3165 471 3242 recensete,
508 3163 624 3229 vestros
664 3160 767 3226 oculos
804 3160 1000 3245 interrogate.
1059 3159 1092 3225 hi
1129 3160 1211 3238 sunt,
1249 3179 1329 3243 quos
1380 3193 1384 3200 ·

201 3261 338 3344 proximo
361 3278 440 3326 anno
470 3278 562 3325 unam
592 3259 746 3344 legionem
776 3259 857 3324 furto
880 3259 978 3324 noetis
1008 3257 1165 3343 adgressos
1191 3257 1328 3325 clamore
1423 3323 1424 3334 ,

166 3357 396 3435 5debellastis3
433 3358 467 3423 hi
501 3360 671 3425 ceterorum
708 3357 930 3423 Britannorum
966 3353 1160 3441 fugacissimi
1194 3354 1328 3438 ideoque

201 3455 340 3522 tamdiu
363 3455 553 3538 superstites.
598 3475 658 3539 quo
680 3456 769 3520 modo
792 3455 886 3521 siloas
909 3453 1068 3536 saltusque
1090 3452 1329 3537 penetrantibus
1423 3517 1424 3524 ,

202 3552 405 3619 fortissimum
437 3551 578 3636 qnodque
608 3552 725 3619 animal
755 3554 862 3618 contra
891 3570 989 3630 ruere,
1011 3550 1124 3634 pavide
1151 3551 1182 3615 et
1212 3550 1328 3616 inertia
1423 3591 1424 3604 ,

201 3651 267 3735 ipso
290 3651 424 3736 agminis
446 3669 517 3716 sono
539 3650 746 3735 pellebantur,
775 3649 820 3716 sic
842 3648 984 3716 acerrimi
1016 3647 1237 3713 Britannorum
1261 3648 1326 3714 iarn
1423 3693 1424 3700 κ

202 3748 321 3832 pridem
350 3747 536 3828 ceciderunt,
570 3748 710 3830 reliquus
736 3749 784 3814 est
810 3766 958 3814 numerus
991 3746 1174 3831 ignavorum
1204 3745 1236 3810 et
1265 3765 1329 3812 me·
1423 3731 1424 3776 ³

152 3865 184 3919 10
201 3846 367 3912 tuentium.
413 3864 489 3928 quos
511 3846 593 3929 quod
621 3845 746 3912 tandem
777 3845 948 3923 invenistis,
971 3863 1028 3910 non
1056 3843 1248 3921 restiterunt,
1272 3845 1326 3909 sod

202 3943 381 4029 deprehensi
419 3945 511 4022 sunt3
556 3943 739 4010 novissimae
776 3963 824 4009 res
860 3945 891 4008 et
927 3944 1061 4008 extremo
1097 3941 1185 4006 metu
1221 3942 1328 4025 torpor
