2890 4570
454 413 681 542 oonunnn
717 469 877 544 nncuur

102 712 174 809 llll
206 709 344 811 vill
375 713 443 811 ll*
474 711 713 814 MORIBUS
745 713 883 813 IULII
913 714 1221 816 lebitones
1253 757 1257 766 ·

571 957 751 1025 oreon.
860 1049 862 1051 Ι
949 937 955 1057 J

239 1213 312 1256 rese
324 1213 342 1255 sl
356 1223 416 1256 ιιιιιιι
428 1223 451 1255 se
463 1211 531 1256 wilre
544 1213 565 1254 l·
578 1211 679 1266 biognlls
691 1212 713 1256 di
726 1211 831 1266 Agricola.
844 1211 980 1266 penensspio
992 1212 1092 1256 ιὶήιιωο.

188 1303 212 1367 l.
235 1301 396 1368 Clarorum
432 1301 568 1368 virorum
604 1301 687 1380 facta
722 1319 883 1384 moresque
918 1301 1048 1385 posteris
1083 1303 1222 1382 tradere,

105 1399 276 1483 antiquitus
297 1400 460 1479 usitatum,
483 1419 520 1465 ne
542 1399 655 1465 nostris
676 1399 802 1483 quidem
818 1399 1009 1483 temporibus
1031 1419 1221 1485 quamquam

103 1498 255 1564 incuriosa
277 1517 403 1564 suorum
426 1499 511 1564 aetas
531 1497 648 1578 omisit,
670 1497 812 1580 quotiens
846 1515 958 1583 magna
982 1497 1090 1582 ulique
1111 1518 1148 1565 ac
1169 1520 1222 1566 no-

102 1597 175 1662 bilis
197 1597 296 1662 virtus
329 1595 406 1662 vicit
427 1615 462 1662 ec
484 1614 681 1682 supergressa
706 1597 754 1660 cst
775 1595 889 1661 vitium
912 1595 1015 1678 parvis
1037 1597 1221 1682 magnisque

99 1695 283 1760 civitatibus
304 1712 476 1775 commune,
496 1693 706 1780 ignorantiam
729 1693 806 1758 renti
828 1695 860 1758 et
881 1693 1043 1758 invidiam.
1063 1694 1116 1758 sed
1138 1697 1221 1779 apud
1238 1713 1255 1766 5

100 1793 216 1877 priores
238 1793 275 1858 ut
294 1811 386 1879 agere
408 1792 503 1878 digna
523 1792 696 1858 memoratu
718 1809 849 1874 pronum
872 1790 1034 1877 magisque
1059 1791 1093 1856 in
1115 1794 1221 1878 oporto

98 1892 175 1970 eret,
198 1890 244 1955 ita
265 1889 484 1956 celeberrimus
505 1892 638 1972 quisque
672 1889 796 1974 ingenio
823 1887 862 1954 ad
884 1888 1070 1972 prodendam
1094 1890 1220 1958 virtutis

100 1989 282 2055 memoriam
314 1989 379 2054 sine
412 1989 515 2074 gratia
537 1989 594 2053 sut
614 1988 783 2054 ambitione
804 1989 900 2054 bonae
922 1988 1045 2053 tantum
1068 1990 1221 2056 conscien-

99 2088 162 2153 tiae
193 2087 293 2171 pretio
325 2087 505 2153 ducebatur.
560 2106 596 2153 ac
617 2086 758 2170 plerique
780 2105 870 2152 suam
892 2086 952 2170 ipsi
975 2087 1073 2152 vitam
1096 2105 1219 2154 narrare

98 2185 247 2250 fiduciam
269 2185 373 2268 potius
394 2204 515 2250 morum
538 2203 633 2268 quam
655 2184 869 2270 adrogantiam
891 2184 1036 2250 arbitrati
1058 2187 1141 2265 sunt,
1164 2205 1219 2252 nec
1239 2203 1271 2258 ιο

99 2282 130 2346 id
155 2282 277 2348 Rutilio
299 2284 330 2348 et
353 2283 467 2349 Scauro
500 2283 579 2348 citra
610 2281 702 2348 fidem
725 2285 782 2349 aut
802 2281 1020 2348 obtrectationi
1042 2281 1120 2348 fuit:
1144 2283 1219 2349 adeo

97 2380 231 2446 virtutes
261 2380 358 2446 isdem
390 2380 581 2465 temporibus
613 2379 728 2465 optime
761 2381 975 2458 aestimantur,
998 2379 1113 2463 quibus
1134 2380 1218 2446 facil·

96 2479 173 2545 lime
195 2478 377 2564 gignuntur.
399 2481 434 2544 at
455 2497 537 2544 nunc
559 2479 720 2544 narraturo
742 2477 822 2542 mihi
843 2478 941 2543 vitam
964 2476 1102 2542 defuncti
1122 2479 1219 2544 homi·

97 2577 147 2642 nis
181 2577 270 2642 venia
302 2596 379 2661 opus
410 2577 482 2657 fuit,
514 2596 609 2660 quam
642 2595 701 2642 non
737 2577 884 2661 petissem
916 2575 1116 2642 incubaturus
1152 2578 1218 2642 tem

97 2691 189 2738 saeva
210 2675 242 2739 et
263 2674 376 2740 infesto
397 2674 567 2740 virtutibus
588 2676 737 2758 tempora.
809 2755 812 2762 .
1238 2696 1270 2751 15

103 2825 108 2834 ”
236 2818 276 2864 cni
289 2821 459 2866 lodsirirtuosl
472 2821 652 2875 lrcpsrpensln
665 2825 740 2866 morto.
754 2821 821 2865 Tristi
834 2821 900 2874 templ
914 2822 1079 2866 diDcmisisno.

184 2911 225 2975 ll.
248 2911 405 2999 Legimus,
427 2931 500 2976 oum
522 2911 659 2978 Aruleno
691 2911 820 2978 Rustico
848 2913 964 2980 Paetus
986 2911 1132 2990 Thrasea,
1155 2912 1218 2977 He-

96 3008 204 3074 rennio
237 3008 395 3076 Senecioni
428 3009 555 3075 Priscus
587 3008 752 3076 Helvidius
784 3008 906 3075 laudati
938 3011 1050 3088 essent,
1083 3008 1218 3093 capitale
1253 3021 1266 3052 ·

96 3107 204 3188 fuisso,
226 3125 324 3191 neque
356 3108 389 3172 in
422 3108 504 3191 ipsos
537 3107 626 3173 modo
662 3109 813 3184 auctores,
835 3107 942 3172 sedin
976 3107 1072 3171 libros
1095 3126 1217 3190 quoquc

95 3223 204 3270 eorum
226 3205 387 3282 saevitum,
410 3206 552 3292 delegato
573 3205 748 3272 triumviris
770 3204 943 3270 ministerio
963 3206 1002 3269 ut
1017 3206 1217 3270 monumenta

95 3304 339 3369 clarissimorum
361 3304 557 3390 ingeniorum
588 3303 622 3368 in
651 3304 776 3370 comitio
798 3323 833 3370 ac
855 3303 920 3369 foro
941 3304 1114 3370 urerentur.
1157 3303 1251 3378 sci-5

1 3426 5 3441 ·
94 3401 173 3466 licet
194 3400 250 3466 illo
271 3401 342 3486 igne
365 3420 469 3467 vocem
492 3401 599 3487 populi
621 3402 753 3468 Romani
779 3405 811 3467 el
832 3401 1009 3468 libertatem
1037 3401 1164 3466 senatus
1184 3403 1218 3466 et

96 3497 316 3563 conscientiam
348 3500 470 3584 generis
501 3499 631 3564 humani
661 3498 777 3564 aboleri
809 3498 1052 3582 arbitrabantur,
1077 3496 1217 3581 expulsis

96 3597 223 3680 insuper
258 3597 428 3681 sapientiae
464 3597 685 3681 professoribus
723 3599 817 3681 atque
853 3598 938 3664 omni
970 3598 1049 3663 bona
1081 3597 1146 3662 arte
1182 3597 1216 3662 iu

94 3693 224 3759 exilium
247 3698 326 3775 acta,
349 3714 386 3761 ne
409 3696 485 3778 quid
517 3715 651 3779 usquam
682 3696 846 3761 honestum
868 3699 1050 3762 occurreret.
1073 3694 1216 3761 dedimus

95 3791 230 3875 prolecto
261 3793 376 3878 grande
409 3795 577 3878 patientiae
607 3794 841 3870 documentum
863 3795 895 3860 et
916 3794 999 3858 sieut
1019 3793 1109 3859 vetus
1131 3795 1267 3870 aetas10

1 3895 2 3922 l
95 3889 176 3954 vidit
198 3889 273 3973 quid
295 3890 446 3957 ultimum
468 3893 499 3954 in
523 3891 668 3957 libertate
700 3893 788 3968 esset,
811 3891 857 3956 ita
888 3909 943 3957 nos
969 3890 1046 3974 quid
1068 3891 1099 3955 in
1123 3892 1211 3956 servi·

96 3988 174 4068 tute,
196 3986 340 4072 adempto
372 4009 426 4074 per
458 3989 676 4074 inquisitiones
708 3988 804 4054 etiam
836 3989 981 4073 loquendi
1004 3988 1213 4070 audiendique

1127 4139 1140 4179 2
